Time,LastPrice,Volume,Bid1Price,Bid1Volume,Ask1Price,Ask1Volume,FutureAvgPrice,Traded
2023-05-08 09:30:00,6117.0,7,6113.0,1,6116.0,1,6115.4400000000005,0
2023-05-08 09:30:00,6116.0,9,6115.6,2,6118.8,1,6115.54,0
2023-05-08 09:30:01,6114.2,13,6113.8,1,6118.2,2,6115.820000000001,1
2023-05-08 09:30:01,6114.2,15,6115.4,1,6117.6,2,6115.7,1
2023-05-08 09:30:02,6117.4,25,6116.0,1,6117.4,2,6115.26,0
2023-05-08 09:30:02,6114.0,29,6116.2,1,6117.4,1,6115.72,1
2023-05-08 09:30:03,6117.4,33,6113.8,2,6117.8,1,6115.9,0
2023-05-08 09:30:03,6117.4,33,6114.6,2,6116.0,1,6116.08,0
2023-05-08 09:30:04,6114.0,35,6113.8,2,6116.0,1,6116.4,1
2023-05-08 09:30:04,6114.0,35,6114.2,1,6115.8,2,6116.96,1
2023-05-08 09:30:05,6115.8,37,6114.4,1,6116.0,1,6117.52,1
2023-05-08 09:30:05,6117.0,39,6116.6,1,6117.4,1,6118.0,1
2023-05-08 09:30:06,6117.0,39,6118.0,1,6118.8,2,6118.58,1
2023-05-08 09:30:06,6113.0,61,6113.0,2,6119.6,2,6119.58,1
2023-05-08 09:30:07,6113.0,61,6116.0,2,6117.6,2,6120.36,1
2023-05-08 09:30:07,6118.6,62,6116.4,1,6119.4,2,6120.56,1
2023-05-08 09:30:08,6119.2,63,6116.6,4,6119.4,2,6120.68,1
2023-05-08 09:30:08,6119.2,63,6116.8,1,6119.0,1,6120.8,1
2023-05-08 09:30:09,6117.2,64,6117.2,1,6119.6,2,6121.12,1
2023-05-08 09:30:09,6119.6,66,6121.4,1,6122.8,1,6121.2,1
2023-05-08 09:30:10,6121.4,67,6118.6,1,6119.4,1,6121.1,0
2023-05-08 09:30:10,6121.8,69,6122.4,1,6122.6,2,6121.1,0
2023-05-08 09:30:11,6122.8,73,6120.0,1,6123.4,1,6121.0,0
2023-05-08 09:30:11,6123.0,74,6121.8,1,6123.2,2,6120.62,0
2023-05-08 09:30:12,6120.8,77,6120.4,4,6123.2,2,6120.4,0
2023-05-08 09:30:12,6120.6,78,6120.4,1,6123.0,4,6120.34,0
2023-05-08 09:30:13,6120.4,79,6120.2,1,6122.6,1,6120.3,0
2023-05-08 09:30:13,6120.4,79,6120.2,1,6121.8,1,6120.26,0
2023-05-08 09:30:14,6120.4,79,6120.2,1,6122.2,2,6120.18,0
2023-05-08 09:30:14,6120.4,79,6120.2,1,6122.0,3,6120.14,0
2023-05-08 09:30:15,6120.4,79,6118.6,1,6121.8,4,6120.06,0
2023-05-08 09:30:15,6121.8,82,6119.0,2,6121.6,1,6119.9800000000005,0
2023-05-08 09:30:16,6121.8,82,6119.2,2,6121.4,3,6119.9,0
2023-05-08 09:30:16,6119.2,84,6118.6,4,6121.2,4,6119.860000000001,1
2023-05-08 09:30:17,6118.6,88,6117.8,1,6121.0,3,6119.88,1
2023-05-08 09:30:17,6120.0,89,6117.8,1,6120.0,2,6119.719999999999,0
2023-05-08 09:30:18,6120.0,89,6118.0,1,6119.4,1,6119.66,0
2023-05-08 09:30:18,6120.0,89,6116.0,1,6119.2,1,6119.6,0
2023-05-08 09:30:19,6119.6,91,6117.6,1,6118.8,1,6119.58,0
2023-05-08 09:30:19,6120.0,93,6119.6,2,6120.4,2,6119.52,0
2023-05-08 09:30:20,6119.6,95,6117.8,1,6119.6,1,6119.32,0
2023-05-08 09:30:20,6121.0,96,6118.2,1,6121.0,1,6118.9800000000005,0
2023-05-08 09:30:21,6121.0,96,6118.8,1,6120.8,2,6118.82,0
2023-05-08 09:30:21,6118.8,97,6118.4,3,6118.8,1,6118.9,1
2023-05-08 09:30:22,6118.8,98,6118.4,1,6119.6,2,6119.08,1
2023-05-08 09:30:22,6118.4,99,6117.6,1,6119.6,2,6119.320000000001,1
2023-05-08 09:30:23,6119.4,102,6117.6,1,6119.4,3,6119.46,1
2023-05-08 09:30:23,6119.4,102,6117.6,1,6119.4,3,6119.6,1
2023-05-08 09:30:24,6119.4,102,6116.2,2,6119.4,3,6119.740000000001,1
2023-05-08 09:30:24,6119.4,103,6116.8,1,6119.6,2,6119.72,1
2023-05-08 09:30:25,6117.6,108,6117.6,1,6119.4,2,6119.88,1
2023-05-08 09:30:25,6117.6,108,6118.4,1,6119.2,1,6120.219999999999,1
2023-05-08 09:30:26,6119.4,109,6117.8,2,6119.4,1,6120.200000000001,1
2023-05-08 09:30:26,6119.6,111,6118.2,1,6120.8,1,6120.16,1
2023-05-08 09:30:27,6120.6,112,6118.4,2,6120.8,1,6119.9400000000005,0
2023-05-08 09:30:27,6120.8,113,6118.6,2,6121.0,1,6119.7,0
2023-05-08 09:30:28,6120.8,113,6118.8,2,6121.2,4,6119.46,0
2023-05-08 09:30:28,6120.8,113,6119.2,1,6121.2,3,6119.24,0
2023-05-08 09:30:29,6120.8,113,6119.4,3,6119.6,5,6119.02,0
2023-05-08 09:30:29,6119.2,121,6119.0,2,6121.2,2,6118.96,0
2023-05-08 09:30:30,6119.2,121,6119.2,3,6121.2,2,6119.16,0
2023-05-08 09:30:30,6121.0,122,6119.4,1,6121.2,2,6119.14,0
2023-05-08 09:30:31,6119.2,126,6118.4,1,6120.4,1,6119.4,1
2023-05-08 09:30:31,6119.2,126,6118.4,2,6120.2,2,6119.66,1
2023-05-08 09:30:32,6118.4,128,6117.8,1,6120.0,1,6120.0,1
2023-05-08 09:30:32,6118.4,128,6118.0,3,6119.8,1,6120.160000000001,1
2023-05-08 09:30:33,6118.4,130,6118.2,4,6120.2,2,6120.320000000001,1
2023-05-08 09:30:33,6118.6,133,6120.0,1,6120.4,1,6120.460000000001,1
2023-05-08 09:30:34,6118.6,133,6120.2,1,6121.2,2,6120.6,1
2023-05-08 09:30:34,6118.6,133,6120.4,1,6121.2,2,6120.74,1
2023-05-08 09:30:35,6121.2,135,6120.6,1,6122.6,1,6120.620000000001,0
2023-05-08 09:30:35,6120.8,136,6120.6,1,6121.8,1,6120.54,0
2023-05-08 09:30:36,6121.8,137,6120.6,1,6122.4,1,6120.36,0
2023-05-08 09:30:36,6121.8,137,6120.8,1,6122.2,1,6120.06,0
2023-05-08 09:30:37,6121.8,137,6120.6,6,6122.4,1,6119.76,0
2023-05-08 09:30:37,6120.0,147,6118.4,3,6120.6,3,6119.64,0
2023-05-08 09:30:38,6120.0,147,6118.6,1,6120.0,1,6119.52,0
2023-05-08 09:30:38,6120.0,147,6118.4,1,6119.8,1,6119.4,0
2023-05-08 09:30:39,6120.0,147,6118.0,1,6119.6,5,6119.280000000001,0
2023-05-08 09:30:39,6120.0,147,6118.0,1,6119.6,2,6119.16,0
2023-05-08 09:30:40,6120.0,147,6118.2,1,6119.4,1,6119.04,0
2023-05-08 09:30:40,6120.0,151,6118.4,3,6120.2,2,6118.92,0
2023-05-08 09:30:41,6120.0,152,6118.6,2,6122.0,2,6118.76,0
2023-05-08 09:30:41,6118.8,154,6118.8,1,6121.2,1,6118.72,0
2023-05-08 09:30:42,6118.8,154,6118.4,2,6120.8,1,6118.64,0
2023-05-08 09:30:42,6118.8,154,6118.8,2,6120.4,1,6118.62,0
2023-05-08 09:30:43,6118.8,155,6118.8,1,6120.2,1,6118.6,0
2023-05-08 09:30:43,6118.8,155,6118.8,3,6120.0,1,6118.58,0
2023-05-08 09:30:44,6118.8,155,6118.8,3,6120.0,2,6118.56,0
2023-05-08 09:30:44,6118.8,155,6118.8,3,6120.0,1,6118.460000000001,0
2023-05-08 09:30:45,6118.8,156,6118.8,2,6119.8,1,6118.36,0
2023-05-08 09:30:46,6118.8,158,6118.4,5,6119.6,1,6118.26,0
2023-05-08 09:30:46,6118.4,163,6118.0,2,6119.2,1,6118.2,0
2023-05-08 09:30:47,6118.4,163,6118.0,2,6119.0,1,6118.14,0
2023-05-08 09:30:47,6118.0,165,6117.8,2,6118.6,1,6118.120000000001,1
2023-05-08 09:30:48,6118.6,166,6117.8,2,6119.6,1,6118.04,0
2023-05-08 09:30:49,6118.6,166,6117.8,2,6119.2,1,6117.9800000000005,0
2023-05-08 09:30:50,6118.6,166,6117.8,2,6119.0,1,6117.9400000000005,0
2023-05-08 09:30:50,6118.6,166,6117.8,3,6119.0,1,6117.9,0
2023-05-08 09:30:51,6117.8,167,6117.8,2,6119.2,1,6117.94,1
2023-05-08 09:30:52,6117.8,167,6117.8,2,6119.0,1,6117.9800000000005,1
2023-05-08 09:30:52,6117.8,167,6117.8,2,6118.8,1,6117.96,1
2023-05-08 09:30:53,6117.8,167,6117.8,2,6118.6,3,6117.9400000000005,1
2023-05-08 09:30:54,6117.8,169,6118.0,1,6118.2,1,6118.120000000001,1
2023-05-08 09:30:54,6117.8,169,6118.0,1,6118.2,1,6118.36,1
2023-05-08 09:30:55,6117.8,169,6118.0,1,6118.2,2,6118.6,1
2023-05-08 09:30:55,6118.0,170,6117.6,1,6118.2,2,6118.8,1
2023-05-08 09:30:56,6118.2,172,6117.6,1,6119.6,1,6119.179999999999,1
2023-05-08 09:30:56,6118.2,172,6117.8,2,6119.4,1,6119.620000000001,1
2023-05-08 09:30:57,6118.2,172,6117.6,1,6119.4,1,6120.179999999999,1
2023-05-08 09:30:57,6118.2,172,6117.6,1,6118.6,1,6120.74,1
2023-05-08 09:30:58,6117.6,173,6116.8,1,6119.4,1,6121.160000000001,1
2023-05-08 09:30:58,6117.6,173,6117.2,3,6119.2,1,6121.58,1
2023-05-08 09:30:59,6119.6,176,6119.2,1,6120.0,1,6121.8,1
2023-05-08 09:30:59,6120.2,178,6119.4,3,6121.0,1,6121.96,1
2023-05-08 09:31:00,6120.2,178,6119.8,1,6120.8,1,6122.120000000001,1
2023-05-08 09:31:00,6120.0,180,6120.0,1,6121.6,1,6122.300000000001,1
2023-05-08 09:31:01,6122.0,182,6120.4,3,6122.6,1,6122.38,1
2023-05-08 09:31:01,6122.6,183,6123.6,1,6123.8,1,6122.4,0
2023-05-08 09:31:02,6123.8,185,6121.0,2,6124.0,1,6122.42,0
2023-05-08 09:31:02,6123.8,185,6121.6,1,6123.0,1,6122.4400000000005,0
2023-05-08 09:31:03,6121.8,187,6121.2,4,6123.0,1,6122.660000000001,1
2023-05-08 09:31:03,6121.8,187,6121.4,2,6123.0,1,6122.780000000001,1
2023-05-08 09:31:04,6121.8,187,6121.2,4,6122.8,1,6122.86,1
2023-05-08 09:31:04,6121.8,187,6121.2,4,6122.6,1,6122.88,1
2023-05-08 09:31:05,6121.8,187,6121.2,4,6122.4,2,6123.0,1
2023-05-08 09:31:05,6121.8,187,6121.2,4,6122.6,1,6123.12,1
2023-05-08 09:31:06,6122.8,188,6121.4,4,6123.0,1,6123.14,1
2023-05-08 09:31:06,6122.8,188,6121.8,1,6124.0,1,6123.0,1
2023-05-08 09:31:07,6124.0,189,6122.2,2,6124.8,2,6122.74,0
2023-05-08 09:31:07,6124.0,189,6122.6,1,6124.8,1,6122.58,0
2023-05-08 09:31:08,6124.0,189,6123.0,1,6124.4,1,6122.4400000000005,0
2023-05-08 09:31:08,6123.0,190,6122.6,1,6124.0,2,6122.4,0
2023-05-08 09:31:09,6122.6,191,6121.8,1,6122.2,1,6122.4,0
2023-05-08 09:31:09,6122.0,195,6123.0,2,6124.2,2,6122.46,1
2023-05-08 09:31:10,6123.0,197,6122.4,1,6124.0,4,6122.42,0
2023-05-08 09:31:10,6123.0,197,6121.4,1,6123.0,1,6122.38,0
2023-05-08 09:31:11,6123.0,197,6121.8,2,6122.8,1,6122.18,0
2023-05-08 09:31:11,6121.4,198,6121.2,2,6123.0,1,6122.1,1
2023-05-08 09:31:12,6121.4,198,6119.8,5,6122.6,2,6122.04,1
2023-05-08 09:31:12,6122.4,199,6120.4,1,6122.4,2,6121.88,0
2023-05-08 09:31:13,6122.6,200,6120.8,1,6122.8,2,6121.7,0
2023-05-08 09:31:13,6122.6,200,6121.0,2,6122.8,1,6121.52,0
2023-05-08 09:31:14,6122.6,200,6121.4,1,6123.0,2,6121.34,0
2023-05-08 09:31:14,6122.6,200,6121.0,2,6122.6,1,6121.160000000001,0
2023-05-08 09:31:15,6122.6,202,6121.0,1,6122.4,3,6120.9800000000005,0
2023-05-08 09:31:15,6122.6,202,6121.0,1,6122.4,1,6120.8,0
2023-05-08 09:31:16,6121.0,203,6120.6,1,6121.0,1,6120.780000000001,0
2023-05-08 09:31:16,6120.6,204,6120.0,1,6120.8,1,6120.8,1
2023-05-08 09:31:17,6120.8,205,6120.0,1,6121.8,1,6120.8,0
2023-05-08 09:31:17,6120.8,205,6120.0,1,6120.8,1,6120.780000000001,0
2023-05-08 09:31:18,6120.8,206,6120.2,1,6121.4,1,6120.76,0
2023-05-08 09:31:18,6120.8,206,6120.4,1,6121.2,1,6120.74,0
2023-05-08 09:31:19,6120.8,206,6120.4,1,6121.6,2,6120.72,0
2023-05-08 09:31:19,6120.8,206,6120.6,1,6121.6,2,6120.72,0
2023-05-08 09:31:20,6120.8,206,6120.4,1,6121.6,2,6120.72,0
2023-05-08 09:31:20,6120.8,206,6120.6,1,6121.4,1,6120.72,0
2023-05-08 09:31:21,6120.8,206,6120.6,1,6121.4,1,6120.68,0
2023-05-08 09:31:21,6120.8,206,6120.6,1,6121.2,1,6120.64,0
2023-05-08 09:31:22,6120.8,207,6120.0,5,6120.6,1,6120.6,0
2023-05-08 09:31:22,6120.6,208,6120.8,1,6121.2,1,6120.74,1
2023-05-08 09:31:23,6120.6,208,6120.8,2,6121.2,1,6120.88,1
2023-05-08 09:31:23,6120.6,208,6120.8,2,6121.6,2,6121.02,1
2023-05-08 09:31:24,6120.6,208,6120.8,1,6121.6,2,6121.02,1
2023-05-08 09:31:24,6120.8,209,6120.8,1,6121.6,1,6121.0,1
2023-05-08 09:31:25,6120.8,210,6120.0,5,6121.4,1,6120.9800000000005,1
2023-05-08 09:31:25,6120.8,210,6120.4,1,6121.6,1,6120.9400000000005,1
2023-05-08 09:31:26,6120.4,211,6120.0,5,6121.6,1,6121.02,1
2023-05-08 09:31:26,6120.4,211,6120.4,1,6121.6,1,6121.1,1
2023-05-08 09:31:27,6120.4,211,6120.4,1,6121.6,1,6121.18,1
2023-05-08 09:31:27,6122.0,214,6122.0,3,6122.2,1,6121.1,0
2023-05-08 09:31:28,6122.0,217,6120.4,4,6121.6,1,6121.02,0
2023-05-08 09:31:28,6122.0,217,6120.6,1,6121.4,1,6120.92,0
2023-05-08 09:31:29,6120.6,218,6120.4,4,6121.4,1,6120.960000000001,1
2023-05-08 09:31:29,6120.6,218,6120.6,1,6121.2,1,6121.0,1
2023-05-08 09:31:30,6120.6,218,6120.4,4,6121.2,1,6120.98,1
2023-05-08 09:31:30,6120.4,220,6120.4,2,6121.0,1,6120.94,1
2023-05-08 09:31:31,6121.2,224,6120.0,5,6121.4,1,6120.82,0
2023-05-08 09:31:31,6121.2,224,6120.2,1,6121.4,2,6120.7,0
2023-05-08 09:31:32,6121.2,224,6120.4,1,6121.8,1,6120.58,0
2023-05-08 09:31:32,6121.2,224,6120.6,1,6121.6,1,6120.46,0
2023-05-08 09:31:33,6121.2,224,6120.8,1,6121.8,1,6120.339999999999,0
2023-05-08 09:31:33,6121.0,225,6121.0,1,6121.8,1,6120.24,0
2023-05-08 09:31:34,6121.0,225,6121.0,1,6121.8,1,6120.139999999999,0
2023-05-08 09:31:34,6121.0,225,6120.8,1,6121.8,1,6120.039999999999,0
2023-05-08 09:31:36,6120.4,226,6120.0,5,6120.8,1,6120.0,0
2023-05-08 09:31:37,6120.0,231,6118.8,1,6121.8,1,6120.0,0
2023-05-08 09:31:37,6120.0,231,6119.0,2,6120.8,1,6120.0,0
2023-05-08 09:31:38,6120.0,231,6118.4,5,6120.6,1,6120.0,0
2023-05-08 09:31:38,6120.0,231,6118.6,3,6120.2,1,6119.9,0
2023-05-08 09:31:39,6120.0,231,6118.8,2,6120.0,1,6119.780000000001,0
2023-05-08 09:31:39,6120.0,231,6118.8,2,6120.0,1,6119.660000000001,0
2023-05-08 09:31:40,6120.0,231,6119.2,1,6120.0,1,6119.5,0
2023-05-08 09:31:41,6120.0,232,6119.0,1,6120.8,1,6119.320000000001,0
2023-05-08 09:31:41,6120.0,232,6119.0,1,6120.6,3,6119.14,0
2023-05-08 09:31:42,6120.0,232,6119.0,1,6120.2,1,6118.96,0
2023-05-08 09:31:42,6120.0,232,6119.0,1,6119.8,1,6118.780000000001,0
2023-05-08 09:31:43,6120.0,232,6119.0,1,6120.2,1,6118.6,0
2023-05-08 09:31:44,6120.0,232,6119.0,1,6120.2,1,6118.42,0
2023-05-08 09:31:44,6119.0,233,6118.8,1,6119.8,1,6118.34,0
2023-05-08 09:31:45,6118.8,234,6118.4,5,6118.8,1,6118.28,0
2023-05-08 09:31:45,6118.8,234,6118.4,5,6118.8,1,6118.22,0
2023-05-08 09:31:46,6118.4,239,6118.2,1,6118.6,1,6118.2,0
2023-05-08 09:31:46,6118.2,240,6117.4,1,6118.4,1,6118.26,1
2023-05-08 09:31:47,6118.2,241,6117.4,1,6118.2,1,6118.32,1
2023-05-08 09:31:48,6118.2,241,6117.6,2,6118.4,2,6118.38,1
2023-05-08 09:31:48,6118.2,241,6117.6,2,6118.8,1,6118.44,1
2023-05-08 09:31:49,6118.2,241,6117.4,1,6118.6,2,6118.5,1
2023-05-08 09:31:49,6118.2,241,6117.4,1,6118.8,1,6118.6,1
2023-05-08 09:31:50,6118.2,241,6117.6,1,6118.6,1,6118.7,1
2023-05-08 09:31:51,6118.2,241,6117.4,1,6118.4,1,6118.8,1
2023-05-08 09:31:51,6118.2,241,6117.6,1,6118.8,1,6118.9,1
2023-05-08 09:31:53,6118.2,241,6118.0,1,6118.8,1,6119.0,1
2023-05-08 09:31:53,6118.8,242,6118.2,1,6119.0,1,6119.039999999999,1
2023-05-08 09:31:54,6118.8,242,6118.2,1,6119.6,1,6119.08,1
2023-05-08 09:31:54,6118.8,242,6118.2,1,6119.8,1,6119.12,1
2023-05-08 09:31:55,6118.8,242,6117.6,1,6119.4,1,6119.06,1
2023-05-08 09:31:55,6118.8,242,6117.6,1,6119.2,1,6119.0,1
2023-05-08 09:31:56,6119.2,243,6117.8,1,6119.4,1,6118.9,0
2023-05-08 09:31:56,6119.2,243,6118.0,2,6119.2,1,6118.8,0
2023-05-08 09:31:57,6119.2,243,6117.6,1,6119.2,1,6118.7,0
2023-05-08 09:31:57,6119.2,243,6117.6,1,6119.6,3,6118.599999999999,0
2023-05-08 09:31:58,6119.2,243,6117.8,1,6119.6,3,6118.5,0
2023-05-08 09:31:59,6119.2,243,6118.0,1,6119.6,1,6118.34,0
2023-05-08 09:32:00,6119.2,243,6118.2,1,6119.6,1,6118.16,0
2023-05-08 09:32:00,6119.2,243,6118.2,1,6119.6,1,6117.9800000000005,0
2023-05-08 09:32:01,6118.2,244,6117.6,1,6119.6,1,6117.9,0
2023-05-08 09:32:01,6118.2,244,6117.6,1,6119.2,1,6117.82,0
2023-05-08 09:32:02,6118.2,244,6117.6,1,6119.0,1,6117.66,0
2023-05-08 09:32:03,6118.2,244,6117.6,1,6119.0,1,6117.5,0
2023-05-08 09:32:04,6118.2,244,6117.6,1,6119.0,2,6117.34,0
2023-05-08 09:32:04,6118.2,244,6117.6,1,6118.8,2,6117.18,0
2023-05-08 09:32:05,6118.2,244,6117.4,1,6117.6,1,6117.02,0
2023-05-08 09:32:05,6117.6,245,6117.4,1,6118.8,1,6116.92,0
2023-05-08 09:32:06,6117.4,246,6116.6,1,6118.6,2,6116.84,0
2023-05-08 09:32:06,6117.4,246,6116.6,1,6118.6,2,6116.78,0
2023-05-08 09:32:07,6117.4,246,6116.6,1,6118.6,3,6116.72,0
2023-05-08 09:32:07,6117.4,246,6116.6,1,6118.4,4,6116.660000000001,0
2023-05-08 09:32:08,6116.6,247,6114.2,1,6118.0,1,6116.72,1
2023-05-08 09:32:08,6116.6,247,6115.0,3,6117.6,2,6116.800000000001,1
2023-05-08 09:32:09,6116.6,247,6115.4,1,6117.2,1,6116.88,1
2023-05-08 09:32:09,6116.6,247,6115.8,2,6117.2,1,6116.96,1
2023-05-08 09:32:10,6116.6,247,6115.8,2,6117.2,1,6117.04,1
2023-05-08 09:32:10,6116.6,247,6115.6,1,6117.0,1,6117.120000000001,1
2023-05-08 09:32:11,6116.6,247,6115.8,1,6116.8,1,6117.2,1
2023-05-08 09:32:11,6116.8,248,6115.8,1,6117.4,1,6117.08,1
2023-05-08 09:32:12,6116.8,248,6115.6,1,6117.2,1,6116.96,1
2023-05-08 09:32:12,6116.8,248,6116.0,1,6117.2,1,6116.999999999999,1
2023-05-08 09:32:13,6117.2,249,6116.0,1,6117.4,1,6117.0,0
2023-05-08 09:32:14,6117.4,250,6116.0,1,6117.8,1,6116.98,0
2023-05-08 09:32:14,6117.4,250,6116.0,1,6117.6,1,6116.959999999999,0
2023-05-08 09:32:15,6117.4,250,6115.0,3,6117.4,1,6116.9400000000005,0
2023-05-08 09:32:15,6117.4,250,6115.4,1,6117.8,1,6116.92,0
2023-05-08 09:32:16,6117.4,250,6115.8,2,6117.4,1,6116.9,0
2023-05-08 09:32:17,6117.4,250,6115.2,4,6117.2,1,6116.88,0
2023-05-08 09:32:17,6115.6,251,6115.4,2,6117.2,1,6117.039999999999,1
2023-05-08 09:32:18,6115.6,251,6115.6,2,6117.2,1,6117.2,1
2023-05-08 09:32:18,6117.2,252,6115.6,2,6117.4,1,6117.14,0
2023-05-08 09:32:19,6117.2,252,6115.8,2,6117.2,1,6117.08,0
2023-05-08 09:32:19,6117.2,252,6115.6,1,6117.2,1,6117.02,0
2023-05-08 09:32:20,6117.2,253,6115.8,3,6117.6,1,6116.960000000001,0
2023-05-08 09:32:20,6117.2,253,6116.2,1,6117.6,1,6116.9,0
2023-05-08 09:32:21,6117.2,253,6116.4,1,6117.6,1,6116.84,0
2023-05-08 09:32:21,6117.2,253,6116.6,1,6117.8,1,6116.780000000001,0
2023-05-08 09:32:22,6117.2,253,6116.6,1,6118.2,1,6116.780000000001,0
2023-05-08 09:32:22,6117.2,253,6116.6,1,6118.0,1,6116.780000000001,0
2023-05-08 09:32:23,6117.2,253,6116.6,1,6118.0,1,6116.780000000001,0
2023-05-08 09:32:23,6116.6,254,6116.4,1,6116.6,1,6116.84,1
2023-05-08 09:32:24,6116.6,255,6116.4,1,6118.0,1,6116.84,1
2023-05-08 09:32:24,6116.6,255,6116.4,1,6117.8,1,6116.840000000001,1
2023-05-08 09:32:25,6116.6,255,6116.4,1,6117.6,1,6116.84,1
2023-05-08 09:32:26,6116.6,255,6116.6,1,6117.2,1,6116.84,1
2023-05-08 09:32:26,6116.6,255,6116.4,1,6117.2,1,6116.84,1
2023-05-08 09:32:27,6116.6,255,6116.4,1,6117.2,1,6116.840000000001,1
2023-05-08 09:32:28,6117.2,256,6116.6,1,6118.0,1,6116.780000000001,0
2023-05-08 09:32:29,6117.2,256,6116.6,1,6117.8,1,6116.72,0
2023-05-08 09:32:29,6117.2,256,6116.4,1,6118.0,1,6116.64,0
2023-05-08 09:32:30,6117.2,256,6116.4,1,6116.6,1,6116.56,0
2023-05-08 09:32:31,6116.6,257,6116.0,1,6118.0,1,6116.54,0
2023-05-08 09:32:31,6116.6,257,6116.2,1,6117.6,2,6116.52,0
2023-05-08 09:32:32,6116.6,257,6116.2,1,6117.8,3,6116.58,0
2023-05-08 09:32:32,6116.6,257,6116.2,1,6117.8,2,6116.64,1
2023-05-08 09:32:33,6116.6,257,6116.2,1,6117.8,1,6116.7,1
2023-05-08 09:32:33,6116.6,257,6116.2,1,6117.6,2,6116.759999999999,1
2023-05-08 09:32:34,6116.6,257,6116.0,1,6117.4,1,6116.82,1
2023-05-08 09:32:34,6116.6,257,6116.4,1,6117.2,2,6116.879999999999,1
2023-05-08 09:32:35,6116.4,258,6116.0,1,6117.2,2,6116.96,1
2023-05-08 09:32:35,6116.4,258,6116.0,1,6117.0,1,6117.039999999999,1
2023-05-08 09:32:36,6116.4,258,6116.0,1,6117.2,2,6117.12,1
2023-05-08 09:32:36,6116.4,258,6116.4,1,6117.2,1,6117.2,1
2023-05-08 09:32:37,6117.2,259,6116.6,1,6118.0,1,6117.2,0
2023-05-08 09:32:37,6117.2,259,6116.8,1,6118.4,1,6117.379999999999,1
2023-05-08 09:32:38,6117.2,259,6117.0,1,6118.4,1,6117.56,1
2023-05-08 09:32:38,6117.2,259,6117.2,1,6118.4,1,6117.78,1
2023-05-08 09:32:39,6117.2,259,6117.2,1,6118.2,2,6118.08,1
2023-05-08 09:32:39,6117.2,259,6117.0,1,6118.2,1,6118.32,1
2023-05-08 09:32:40,6117.2,259,6117.0,1,6118.2,1,6118.56,1
2023-05-08 09:32:40,6117.2,259,6116.8,1,6118.0,1,6118.8,1
2023-05-08 09:32:41,6117.2,259,6117.0,1,6118.2,1,6119.1,1
2023-05-08 09:32:42,6117.2,259,6117.2,3,6118.8,1,6119.4,1
2023-05-08 09:32:42,6117.2,259,6117.4,1,6118.8,1,6119.7,1
2023-05-08 09:32:43,6119.0,261,6117.2,3,6120.2,1,6119.82,1
2023-05-08 09:32:43,6119.0,261,6117.6,1,6119.4,1,6119.9400000000005,1
2023-05-08 09:32:44,6119.4,262,6118.0,2,6120.0,3,6120.02,1
2023-05-08 09:32:44,6120.2,263,6119.4,1,6120.4,1,6120.0,0
2023-05-08 09:32:45,6119.6,265,6118.6,2,6120.4,1,6120.039999999999,1
2023-05-08 09:32:45,6119.6,265,6118.8,2,6120.2,1,6120.08,1
2023-05-08 09:32:46,6119.6,265,6118.8,1,6120.2,1,6120.12,1
2023-05-08 09:32:46,6120.2,266,6118.8,1,6120.4,1,6120.1,0
2023-05-08 09:32:47,6120.2,266,6119.0,2,6120.4,1,6120.1,0
2023-05-08 09:32:47,6120.2,266,6119.0,2,6120.4,1,6120.1,0
2023-05-08 09:32:48,6120.2,266,6119.4,1,6121.8,1,6120.1,0
2023-05-08 09:32:48,6120.2,266,6119.8,1,6121.4,4,6120.1,0
2023-05-08 09:32:49,6120.2,266,6119.8,1,6120.0,1,6120.1,0
2023-05-08 09:32:49,6120.0,267,6120.2,1,6121.8,1,6120.12,1
2023-05-08 09:32:50,6120.0,267,6120.2,1,6121.4,2,6120.14,1
2023-05-08 09:32:50,6120.0,267,6120.2,1,6121.6,2,6120.16,1
2023-05-08 09:32:51,6120.0,267,6120.4,1,6121.4,1,6120.18,1
2023-05-08 09:32:51,6120.0,267,6120.2,1,6121.4,1,6120.2,1
2023-05-08 09:32:52,6120.2,268,6119.0,1,6120.8,2,6120.199999999999,0
2023-05-08 09:32:52,6120.2,268,6118.0,2,6120.4,3,6120.2,0
2023-05-08 09:32:53,6120.2,268,6118.2,4,6120.2,1,6120.2,0
2023-05-08 09:32:53,6120.2,268,6118.4,1,6120.2,1,6120.2,0
2023-05-08 09:32:54,6120.2,268,6118.8,1,6120.2,1,6120.36,1
2023-05-08 09:32:54,6120.2,268,6119.0,1,6120.2,1,6120.539999999999,1
2023-05-08 09:32:55,6120.2,268,6119.0,2,6120.2,1,6120.719999999999,1
2023-05-08 09:32:55,6120.2,268,6119.0,2,6120.2,1,6120.74,1
2023-05-08 09:32:56,6120.2,268,6119.0,1,6120.2,1,6120.74,1
2023-05-08 09:32:57,6120.2,269,6119.0,1,6120.6,1,6120.74,1
2023-05-08 09:32:58,6120.2,269,6120.2,1,6121.4,1,6120.58,1
2023-05-08 09:32:58,6120.2,269,6120.2,1,6121.6,1,6120.42,1
2023-05-08 09:32:59,6120.2,269,6121.4,1,6121.6,1,6120.26,1
2023-05-08 09:32:59,6120.2,269,6121.4,1,6121.8,1,6120.1,0
2023-05-08 09:33:00,6121.8,271,6121.4,1,6122.0,1,6119.820000000001,0
2023-05-08 09:33:00,6122.0,272,6121.4,1,6122.4,1,6119.52,0
2023-05-08 09:33:01,6122.0,274,6120.4,2,6122.2,3,6119.22,0
2023-05-08 09:33:02,6120.4,276,6120.2,1,6121.8,1,6119.08,0
2023-05-08 09:33:02,6120.2,277,6119.0,1,6120.4,1,6119.0,0
2023-05-08 09:33:03,6120.2,277,6117.6,1,6118.6,1,6118.92,0
2023-05-08 09:33:03,6118.6,280,6118.4,1,6119.4,1,6119.0,1
2023-05-08 09:33:04,6118.6,280,6117.8,3,6119.4,1,6119.08,1
2023-05-08 09:33:04,6118.6,280,6118.6,1,6119.0,1,6119.16,1
2023-05-08 09:33:05,6118.6,281,6117.8,1,6118.8,2,6119.24,1
2023-05-08 09:33:05,6119.0,285,6118.0,1,6119.2,3,6119.28,1
2023-05-08 09:33:06,6119.0,285,6118.0,1,6119.4,1,6119.32,1
2023-05-08 09:33:07,6119.0,285,6118.2,1,6119.4,1,6119.359999999999,1
2023-05-08 09:33:07,6119.0,285,6118.6,1,6119.4,1,6119.4,1
2023-05-08 09:33:08,6119.4,286,6119.4,1,6120.8,1,6119.4,0
2023-05-08 09:33:08,6119.4,286,6119.4,1,6120.8,2,6119.4,0
2023-05-08 09:33:09,6119.4,286,6119.8,1,6121.4,1,6119.4,0
2023-05-08 09:33:09,6119.4,286,6120.0,1,6122.2,1,6119.4,0
2023-05-08 09:33:10,6119.4,286,6120.0,1,6121.8,2,6119.4,0
2023-05-08 09:33:10,6119.4,286,6119.6,1,6121.4,2,6119.4,0
2023-05-08 09:33:11,6119.4,286,6119.4,1,6121.0,2,6119.4,0
2023-05-08 09:33:11,6119.4,286,6118.8,1,6121.0,2,6119.58,1
2023-05-08 09:33:12,6119.4,286,6119.2,2,6121.0,1,6119.76,1
2023-05-08 09:33:12,6119.4,286,6119.4,1,6121.6,1,6119.94,1
2023-05-08 09:33:13,6119.4,286,6119.8,1,6121.8,1,6120.12,1
2023-05-08 09:33:13,6119.4,286,6120.0,1,6121.8,1,6120.299999999999,1
2023-05-08 09:33:14,6119.4,286,6120.2,1,6121.8,1,6120.4800000000005,1
2023-05-08 09:33:15,6119.4,286,6120.0,1,6121.6,1,6120.66,1
2023-05-08 09:33:16,6119.4,286,6120.0,1,6121.6,1,6120.879999999999,1
2023-05-08 09:33:17,6119.4,286,6119.4,1,6121.4,1,6121.179999999999,1
2023-05-08 09:33:17,6119.4,286,6119.4,1,6121.2,1,6121.280000000001,1
2023-05-08 09:33:18,6121.2,287,6119.4,1,6121.4,1,6121.2,0
2023-05-08 09:33:18,6121.2,287,6119.8,1,6121.6,1,6121.12,0
2023-05-08 09:33:19,6121.2,287,6120.0,1,6121.6,1,6121.04,0
2023-05-08 09:33:19,6121.2,287,6120.2,1,6121.6,2,6120.96,0
2023-05-08 09:33:20,6121.2,287,6120.2,1,6121.4,1,6120.88,0
2023-05-08 09:33:20,6121.2,287,6119.4,1,6121.4,1,6120.799999999999,0
2023-05-08 09:33:21,6121.2,287,6119.6,3,6121.4,1,6120.719999999999,0
2023-05-08 09:33:21,6121.6,288,6119.8,2,6121.6,1,6120.6,0
2023-05-08 09:33:22,6122.4,295,6120.0,2,6122.6,1,6120.4,0
2023-05-08 09:33:22,6120.4,297,6120.2,4,6124.0,1,6120.62,1
2023-05-08 09:33:23,6120.4,297,6120.8,1,6123.6,3,6120.84,1
2023-05-08 09:33:23,6120.4,297,6121.2,2,6123.6,2,6121.06,1
2023-05-08 09:33:24,6120.4,297,6122.4,1,6123.6,2,6121.280000000001,1
2023-05-08 09:33:24,6120.4,297,6121.4,3,6123.0,1,6121.5,1
2023-05-08 09:33:25,6120.4,297,6121.4,1,6122.6,3,6121.72,1
2023-05-08 09:33:25,6120.4,297,6121.0,1,6122.6,1,6121.9400000000005,1
2023-05-08 09:33:26,6120.4,297,6121.0,1,6122.6,1,6122.160000000001,1
2023-05-08 09:33:27,6120.4,297,6121.0,1,6122.6,1,6122.38,1
2023-05-08 09:33:27,6120.4,297,6122.6,1,6123.0,2,6122.6,1
2023-05-08 09:33:28,6122.6,298,6121.0,1,6122.6,2,6122.4400000000005,0
2023-05-08 09:33:28,6122.6,298,6120.6,1,6122.2,1,6122.280000000001,0
2023-05-08 09:33:29,6122.6,298,6120.6,1,6122.2,2,6122.160000000001,0
2023-05-08 09:33:29,6122.6,298,6120.6,1,6122.0,3,6122.039999999999,0
2023-05-08 09:33:30,6122.6,298,6120.6,1,6121.6,1,6121.92,0
2023-05-08 09:33:31,6122.6,298,6120.6,1,6121.6,1,6121.8,0
2023-05-08 09:33:31,6122.6,298,6120.6,1,6121.4,1,6121.68,0
2023-05-08 09:33:32,6122.6,300,6120.6,1,6121.8,1,6121.56,0
2023-05-08 09:33:33,6122.6,300,6120.6,1,6122.0,1,6121.44,0
2023-05-08 09:33:33,6122.6,300,6120.6,1,6122.2,1,6121.32,0
2023-05-08 09:33:34,6121.0,301,6121.0,1,6122.2,1,6121.36,1
2023-05-08 09:33:34,6121.0,301,6121.4,1,6122.2,1,6121.4,1
2023-05-08 09:33:35,6121.4,302,6121.0,1,6122.0,1,6121.4,0
2023-05-08 09:33:35,6121.4,302,6120.6,1,6121.8,1,6121.48,1
2023-05-08 09:33:36,6121.4,302,6120.6,1,6121.8,1,6121.56,1
2023-05-08 09:33:36,6121.4,302,6120.6,1,6121.8,1,6121.719999999999,1
2023-05-08 09:33:37,6121.4,302,6120.6,1,6121.8,1,6121.879999999999,1
2023-05-08 09:33:38,6121.4,302,6120.6,1,6121.8,1,6122.039999999999,1
2023-05-08 09:33:39,6121.4,302,6120.6,1,6122.2,1,6122.2,1
2023-05-08 09:33:40,6121.4,302,6120.8,1,6122.2,1,6122.36,1
2023-05-08 09:33:41,6121.4,302,6120.8,1,6122.2,1,6122.52,1
2023-05-08 09:33:41,6121.4,302,6120.6,1,6122.2,1,6122.68,1
2023-05-08 09:33:42,6121.4,302,6121.0,1,6122.2,1,6122.84,1
2023-05-08 09:33:43,6122.2,303,6121.2,2,6123.0,3,6122.92,1
2023-05-08 09:33:43,6122.2,303,6121.8,1,6123.0,3,6123.0,1
2023-05-08 09:33:44,6123.0,304,6122.0,1,6123.0,2,6123.0,0
2023-05-08 09:33:44,6123.0,306,6122.0,1,6124.2,1,6123.0,0
2023-05-08 09:33:45,6123.0,306,6122.2,1,6123.8,2,6123.0,0
2023-05-08 09:33:45,6123.0,306,6122.0,1,6123.6,3,6123.0,0
2023-05-08 09:33:46,6123.0,306,6121.8,1,6123.0,1,6123.0,0
2023-05-08 09:33:46,6123.0,306,6121.8,1,6123.6,3,6123.0,0
2023-05-08 09:33:47,6123.0,306,6121.8,1,6123.4,2,6122.88,0
2023-05-08 09:33:47,6123.0,306,6121.8,1,6123.0,1,6122.76,0
2023-05-08 09:33:48,6123.0,306,6121.8,1,6122.6,1,6122.68,0
2023-05-08 09:33:48,6123.0,306,6121.8,1,6122.6,1,6122.6,0
2023-05-08 09:33:49,6123.0,306,6121.8,1,6122.4,1,6122.6,0
2023-05-08 09:33:49,6123.0,307,6121.8,1,6123.0,1,6122.6,0
2023-05-08 09:33:50,6123.0,307,6121.8,1,6122.8,1,6122.58,0
2023-05-08 09:33:50,6123.0,307,6121.8,1,6122.4,1,6122.56,0
2023-05-08 09:33:51,6123.0,307,6121.8,1,6122.4,1,6122.54,0
2023-05-08 09:33:51,6123.0,307,6121.8,1,6122.2,1,6122.52,0
2023-05-08 09:33:52,6121.8,308,6121.0,1,6122.2,1,6122.7,1
2023-05-08 09:33:55,6121.8,308,6121.0,1,6122.2,1,6122.88,1
2023-05-08 09:33:56,6122.2,309,6121.2,3,6123.0,2,6123.02,1
2023-05-08 09:33:56,6122.2,309,6121.6,1,6123.0,1,6123.2,1
2023-05-08 09:33:57,6123.0,310,6123.0,1,6124.0,1,6123.3,1
2023-05-08 09:33:57,6123.0,311,6122.0,2,6122.8,1,6123.4800000000005,1
2023-05-08 09:33:58,6122.8,312,6123.0,1,6124.0,1,6123.68,1
2023-05-08 09:33:58,6122.8,312,6123.0,1,6123.6,1,6123.88,1
2023-05-08 09:33:59,6122.8,312,6123.0,1,6123.6,1,6124.08,1
2023-05-08 09:33:59,6122.8,312,6123.0,1,6123.6,1,6124.28,1
2023-05-08 09:34:00,6123.6,313,6123.0,1,6124.2,1,6124.4,1
2023-05-08 09:34:00,6123.6,313,6123.2,1,6124.2,2,6124.46,1
2023-05-08 09:34:01,6123.6,313,6123.2,1,6124.0,1,6124.52,1
2023-05-08 09:34:01,6124.0,314,6123.2,1,6124.8,3,6124.52,1
2023-05-08 09:34:02,6124.0,314,6123.6,2,6123.8,1,6124.52,1
2023-05-08 09:34:02,6124.8,316,6124.0,1,6124.8,2,6124.4400000000005,0
2023-05-08 09:34:03,6124.8,317,6124.2,3,6124.8,1,6124.360000000001,0
2023-05-08 09:34:03,6124.8,318,6124.8,1,6125.0,3,6124.280000000001,0
2023-05-08 09:34:04,6124.8,319,6124.2,2,6124.8,3,6124.2,0
2023-05-08 09:34:04,6124.8,319,6124.2,1,6124.8,1,6124.120000000001,0
2023-05-08 09:34:05,6124.8,319,6124.2,1,6125.0,3,6124.04,0
2023-05-08 09:34:05,6124.2,320,6124.0,1,6124.8,1,6124.02,0
2023-05-08 09:34:06,6124.2,320,6124.0,1,6124.6,1,6124.0,0
2023-05-08 09:34:06,6124.0,321,6123.6,1,6124.6,1,6124.1,1
2023-05-08 09:34:07,6124.0,321,6123.6,1,6124.4,2,6124.2,1
2023-05-08 09:34:08,6124.0,321,6123.6,1,6124.6,1,6124.3,1
2023-05-08 09:34:08,6124.0,321,6123.0,1,6124.6,1,6124.4,1
2023-05-08 09:34:09,6124.0,321,6123.2,2,6125.0,3,6124.5,1
2023-05-08 09:34:09,6124.0,321,6123.2,3,6125.0,4,6124.56,1
2023-05-08 09:34:10,6124.0,321,6123.4,2,6125.0,3,6124.62,1
2023-05-08 09:34:10,6124.0,321,6123.6,2,6125.0,3,6124.7,1
2023-05-08 09:34:11,6124.0,321,6123.6,2,6125.0,3,6124.780000000001,1
2023-05-08 09:34:13,6124.0,321,6123.6,2,6125.0,3,6124.86,1
2023-05-08 09:34:13,6125.0,322,6123.8,1,6125.0,2,6124.84,0
2023-05-08 09:34:14,6125.0,322,6124.0,1,6125.0,2,6124.82,0
2023-05-08 09:34:14,6125.0,322,6124.2,1,6125.0,2,6124.8,0
2023-05-08 09:34:15,6125.0,322,6124.4,1,6125.0,2,6124.780000000001,0
2023-05-08 09:34:15,6125.0,322,6124.6,1,6125.0,3,6124.76,0
2023-05-08 09:34:16,6124.6,323,6124.2,1,6125.0,3,6124.780000000001,1
2023-05-08 09:34:16,6124.6,323,6124.4,1,6124.8,1,6124.84,1
2023-05-08 09:34:17,6124.8,324,6124.8,1,6125.0,3,6124.92,1
2023-05-08 09:34:17,6124.8,325,6124.2,1,6124.8,1,6125.0,1
2023-05-08 09:34:18,6124.8,325,6124.0,1,6125.0,3,6125.08,1
2023-05-08 09:34:20,6124.8,325,6124.2,1,6125.0,3,6125.16,1
2023-05-08 09:34:20,6124.8,325,6124.2,1,6125.0,3,6125.240000000001,1
2023-05-08 09:34:21,6124.8,325,6124.0,1,6124.8,1,6125.320000000001,1
2023-05-08 09:34:22,6124.8,325,6123.4,2,6125.0,3,6125.46,1
2023-05-08 09:34:22,6124.8,325,6124.2,1,6125.0,3,6125.6,1
2023-05-08 09:34:23,6124.8,325,6123.6,2,6124.8,1,6125.74,1
2023-05-08 09:34:23,6125.2,329,6124.2,1,6125.6,1,6125.84,1
2023-05-08 09:34:24,6125.6,330,6124.6,2,6126.6,3,6125.900000000001,1
2023-05-08 09:34:24,6125.6,330,6125.2,1,6126.6,3,6125.96,1
2023-05-08 09:34:25,6125.6,330,6124.8,1,6126.4,1,6126.06,1
2023-05-08 09:34:25,6125.6,330,6124.6,1,6126.2,2,6126.160000000001,1
2023-05-08 09:34:26,6125.6,330,6124.8,1,6126.2,2,6126.26,1
2023-05-08 09:34:26,6125.6,330,6125.0,1,6126.2,1,6126.36,1
2023-05-08 09:34:27,6126.2,331,6125.4,1,6126.6,3,6126.280000000001,1
2023-05-08 09:34:27,6126.2,331,6125.6,1,6126.6,3,6126.2,0
2023-05-08 09:34:28,6126.2,331,6125.4,1,6126.6,3,6126.12,0
2023-05-08 09:34:28,6126.2,331,6125.2,1,6126.6,3,6126.04,0
2023-05-08 09:34:29,6126.2,331,6125.2,1,6126.0,1,6125.96,0
2023-05-08 09:34:29,6126.2,332,6125.2,1,6126.6,3,6125.9400000000005,0
2023-05-08 09:34:30,6126.6,333,6125.4,1,6126.6,2,6125.88,0
2023-05-08 09:34:30,6126.6,333,6125.4,1,6126.6,2,6125.82,0
2023-05-08 09:34:31,6126.6,333,6125.4,1,6126.6,3,6125.76,0
2023-05-08 09:34:32,6126.6,333,6125.2,1,6126.6,3,6125.7,0
2023-05-08 09:34:32,6125.4,334,6125.2,1,6126.6,3,6125.76,1
2023-05-08 09:34:33,6125.4,335,6125.4,1,6126.6,3,6125.82,1
2023-05-08 09:34:33,6125.4,335,6125.2,1,6126.6,3,6125.9400000000005,1
2023-05-08 09:34:34,6125.4,335,6125.4,1,6126.6,3,6126.06,1
2023-05-08 09:34:35,6125.4,336,6126.0,1,6126.4,1,6126.18,1
2023-05-08 09:34:35,6126.0,337,6124.4,2,6125.8,1,6126.24,1
2023-05-08 09:34:36,6126.0,337,6125.0,1,6125.8,1,6126.3,1
2023-05-08 09:34:36,6126.0,337,6125.0,1,6126.0,1,6126.36,1
2023-05-08 09:34:37,6126.0,337,6125.2,1,6126.0,1,6126.42,1
2023-05-08 09:34:37,6126.0,338,6126.0,1,6126.2,1,6126.4800000000005,1
2023-05-08 09:34:38,6126.0,338,6126.0,1,6126.6,3,6126.4800000000005,1
2023-05-08 09:34:38,6126.0,338,6126.0,1,6126.6,3,6126.4800000000005,1
2023-05-08 09:34:39,6126.6,339,6126.0,1,6126.6,2,6126.42,0
2023-05-08 09:34:40,6126.6,341,6126.0,1,6127.2,1,6126.360000000001,0
2023-05-08 09:34:41,6126.6,341,6126.0,1,6126.8,1,6126.3,0
2023-05-08 09:34:41,6126.6,341,6126.0,1,6126.8,2,6126.24,0
2023-05-08 09:34:42,6126.6,341,6126.0,1,6126.8,1,6126.280000000001,0
2023-05-08 09:34:42,6126.6,341,6126.0,1,6127.0,1,6126.34,0
2023-05-08 09:34:43,6126.6,341,6126.0,1,6127.2,1,6126.4,0
2023-05-08 09:34:44,6126.6,341,6126.0,1,6127.0,2,6126.46,0
2023-05-08 09:34:44,6126.0,342,6125.0,1,6126.0,1,6126.58,1
2023-05-08 09:34:45,6126.0,342,6125.2,2,6126.0,1,6126.7,1
2023-05-08 09:34:46,6126.0,342,6125.4,1,6126.0,1,6126.82,1
2023-05-08 09:34:47,6126.0,343,6126.0,1,6127.0,2,6126.94,1
2023-05-08 09:34:47,6126.0,343,6126.0,1,6127.0,2,6127.1,1
2023-05-08 09:34:48,6126.0,343,6126.2,1,6127.0,2,6127.28,1
2023-05-08 09:34:48,6127.0,345,6126.2,1,6127.2,1,6127.36,1
2023-05-08 09:34:49,6127.2,346,6126.6,1,6128.0,1,6127.4400000000005,1
2023-05-08 09:34:49,6127.2,346,6126.8,1,6128.0,1,6127.56,1
2023-05-08 09:34:50,6127.2,346,6127.0,1,6128.0,1,6127.679999999999,1
2023-05-08 09:34:50,6127.2,346,6126.8,1,6128.0,1,6127.84,1
2023-05-08 09:34:51,6127.2,346,6126.8,1,6127.8,1,6128.0,1
2023-05-08 09:34:51,6127.2,346,6126.4,2,6127.8,1,6128.06,1
2023-05-08 09:34:52,6127.2,346,6126.4,2,6128.0,1,6128.18,1
2023-05-08 09:34:52,6127.6,347,6126.4,1,6127.8,1,6128.26,1
2023-05-08 09:34:53,6127.8,348,6126.2,1,6128.0,1,6128.32,1
2023-05-08 09:34:53,6127.8,349,6126.6,2,6128.0,1,6128.179999999999,1
2023-05-08 09:34:54,6128.0,350,6127.8,1,6128.4,1,6128.0,0
2023-05-08 09:34:54,6128.4,351,6128.4,1,6128.8,1,6127.78,0
2023-05-08 09:34:55,6128.4,352,6128.0,1,6128.8,1,6127.56,0
2023-05-08 09:34:56,6128.8,353,6128.0,1,6129.0,1,6127.3,0
2023-05-08 09:34:56,6128.8,353,6127.8,1,6129.0,1,6127.039999999999,0
2023-05-08 09:34:57,6127.8,354,6126.8,1,6128.8,1,6126.88,0
2023-05-08 09:34:57,6128.4,355,6126.6,1,6128.4,2,6126.66,0
2023-05-08 09:34:58,6128.4,355,6126.2,1,6128.0,1,6126.44,0
2023-05-08 09:34:58,6128.4,355,6126.4,2,6127.8,1,6126.22,0
2023-05-08 09:34:59,6126.4,358,6126.2,1,6128.2,2,6126.24,0
2023-05-08 09:34:59,6126.2,359,6125.6,1,6127.8,2,6126.28,1
2023-05-08 09:35:00,6126.2,359,6125.6,1,6127.4,1,6126.32,1
2023-05-08 09:35:00,6126.2,359,6125.2,2,6126.8,1,6126.26,1
2023-05-08 09:35:01,6126.2,359,6125.2,1,6126.6,1,6126.2,0
2023-05-08 09:35:01,6126.2,359,6125.2,1,6126.8,1,6126.14,0
2023-05-08 09:35:02,6126.2,359,6125.4,1,6127.0,1,6126.08,0
2023-05-08 09:35:02,6126.2,359,6125.6,3,6127.2,2,6126.02,0
2023-05-08 09:35:03,6126.2,359,6125.6,4,6126.6,1,6125.960000000001,0
2023-05-08 09:35:03,6126.2,359,6125.6,4,6126.6,1,6125.9,0
2023-05-08 09:35:04,6126.6,360,6125.6,2,6127.2,1,6125.8,0
2023-05-08 09:35:04,6126.6,360,6125.6,1,6127.0,3,6125.700000000001,0
2023-05-08 09:35:05,6126.6,360,6125.4,1,6125.6,1,6125.640000000001,0
2023-05-08 09:35:05,6125.6,361,6125.6,1,6126.8,1,6125.68,1
2023-05-08 09:35:06,6125.6,361,6125.8,1,6126.8,1,6125.72,1
2023-05-08 09:35:06,6125.6,361,6126.0,1,6126.8,1,6125.68,1
2023-05-08 09:35:07,6125.6,364,6125.4,1,6126.8,1,6125.64,1
2023-05-08 09:35:07,6125.6,364,6125.2,1,6126.6,4,6125.6,0
2023-05-08 09:35:08,6125.6,364,6125.2,1,6126.4,1,6125.56,0
2023-05-08 09:35:08,6125.6,364,6125.2,1,6126.2,1,6125.52,0
2023-05-08 09:35:09,6125.6,364,6125.2,1,6126.0,2,6125.460000000001,0
2023-05-08 09:35:10,6125.6,364,6125.2,1,6126.0,2,6125.4,0
2023-05-08 09:35:10,6126.0,365,6125.2,1,6126.2,1,6125.3,0
2023-05-08 09:35:11,6126.0,365,6125.2,1,6126.0,1,6125.2,0
2023-05-08 09:35:12,6126.0,366,6125.2,1,6126.2,1,6125.1,0
2023-05-08 09:35:13,6125.2,367,6125.0,3,6125.2,1,6125.08,0
2023-05-08 09:35:14,6125.2,370,6125.0,1,6126.2,1,6125.06,0
2023-05-08 09:35:14,6125.2,370,6125.0,1,6125.8,1,6125.039999999999,0
2023-05-08 09:35:15,6125.2,370,6125.0,1,6125.6,1,6125.02,0
2023-05-08 09:35:15,6125.2,370,6125.0,1,6125.8,1,6125.0,0
2023-05-08 09:35:16,6125.0,371,6122.6,1,6125.8,1,6125.0,0
2023-05-08 09:35:16,6125.0,373,6123.8,3,6126.0,1,6125.08,1
2023-05-08 09:35:17,6125.0,373,6124.2,1,6126.2,1,6125.160000000001,1
2023-05-08 09:35:17,6125.0,373,6124.4,3,6126.2,1,6125.24,1
2023-05-08 09:35:18,6125.0,373,6124.6,1,6126.8,1,6125.32,1
2023-05-08 09:35:18,6125.0,373,6124.6,1,6126.6,2,6125.4,1
2023-05-08 09:35:19,6125.0,373,6124.6,1,6126.4,3,6125.48,1
2023-05-08 09:35:19,6125.0,373,6124.4,4,6126.0,1,6125.56,1
2023-05-08 09:35:20,6125.0,373,6124.4,2,6126.0,1,6125.640000000001,1
2023-05-08 09:35:20,6125.0,373,6124.4,2,6125.8,1,6125.72,1
2023-05-08 09:35:22,6125.0,373,6124.6,1,6125.8,1,6125.8,1
2023-05-08 09:35:22,6125.8,374,6125.8,1,6126.4,3,6125.8,0
2023-05-08 09:35:23,6125.8,374,6125.8,1,6126.4,1,6125.8,0
2023-05-08 09:35:23,6125.8,374,6125.8,1,6126.8,1,6125.800000000001,1
2023-05-08 09:35:24,6125.8,374,6125.8,1,6126.8,1,6125.8,0
2023-05-08 09:35:25,6125.8,374,6125.8,1,6126.8,1,6125.8,0
2023-05-08 09:35:25,6125.8,374,6125.8,1,6126.8,1,6125.8,0
2023-05-08 09:35:26,6125.8,374,6125.8,1,6126.6,1,6125.8,0
2023-05-08 09:35:26,6125.8,375,6124.8,1,6126.6,1,6125.8,0
2023-05-08 09:35:27,6125.8,375,6124.8,1,6126.4,4,6125.8,0
2023-05-08 09:35:27,6125.8,375,6124.4,1,6126.2,4,6125.7,0
2023-05-08 09:35:28,6125.8,375,6124.2,1,6126.0,2,6125.6,0
2023-05-08 09:35:28,6125.8,375,6123.0,1,6125.6,1,6125.5,0
2023-05-08 09:35:29,6125.8,375,6123.2,3,6125.0,1,6125.4,0
2023-05-08 09:35:29,6125.8,375,6123.2,2,6124.8,4,6125.3,0
2023-05-08 09:35:30,6125.8,375,6123.2,2,6124.6,1,6125.280000000001,0
2023-05-08 09:35:30,6125.8,375,6122.6,1,6124.6,1,6125.26,0
2023-05-08 09:35:31,6125.8,375,6122.8,5,6124.4,1,6125.24,0
2023-05-08 09:35:31,6125.8,375,6123.0,1,6124.8,2,6125.219999999999,0
2023-05-08 09:35:32,6125.8,375,6123.2,2,6124.8,2,6125.200000000001,0
2023-05-08 09:35:32,6124.8,376,6124.8,4,6125.2,1,6125.280000000001,1
2023-05-08 09:35:33,6124.8,380,6123.0,1,6124.8,2,6125.36,1
2023-05-08 09:35:33,6124.8,380,6123.4,1,6124.8,2,6125.4400000000005,1
2023-05-08 09:35:34,6124.8,380,6124.8,5,6125.8,2,6125.52,1
2023-05-08 09:35:34,6124.8,384,6124.8,1,6125.4,2,6125.6,1
2023-05-08 09:35:35,6125.6,389,6125.4,10,6125.6,2,6125.6,0
2023-05-08 09:35:35,6125.6,391,6125.6,3,6126.8,1,6125.6,0
2023-05-08 09:35:36,6125.6,391,6125.6,5,6126.4,2,6125.6,0
2023-05-08 09:35:36,6125.6,391,6125.6,5,6126.4,2,6125.6,0
2023-05-08 09:35:37,6125.6,393,6125.6,3,6126.4,2,6125.6,0
2023-05-08 09:35:37,6125.6,393,6125.6,3,6126.4,2,6125.6,0
2023-05-08 09:35:38,6125.6,393,6125.6,3,6126.4,2,6125.56,0
2023-05-08 09:35:39,6125.6,396,6123.6,3,6126.2,1,6125.6,0
2023-05-08 09:35:39,6125.6,396,6124.0,2,6125.8,1,6125.64,1
2023-05-08 09:35:40,6125.6,396,6123.0,1,6125.4,1,6125.68,1
2023-05-08 09:35:40,6125.6,396,6123.2,1,6125.0,2,6125.72,1
2023-05-08 09:35:41,6125.6,396,6123.2,1,6124.6,1,6125.76,1
2023-05-08 09:35:41,6125.6,396,6123.4,1,6125.0,1,6125.8,1
2023-05-08 09:35:42,6125.6,396,6123.6,1,6124.8,1,6125.74,1
2023-05-08 09:35:42,6125.6,396,6123.6,1,6125.2,1,6125.72,1
2023-05-08 09:35:44,6125.6,396,6123.6,1,6125.2,1,6125.7,1
2023-05-08 09:35:44,6125.2,397,6125.2,4,6126.2,2,6125.76,1
2023-05-08 09:35:45,6126.0,406,6123.4,1,6126.0,2,6125.74,0
2023-05-08 09:35:45,6126.0,406,6123.8,1,6125.4,1,6125.8,0
2023-05-08 09:35:46,6126.0,406,6123.4,1,6125.2,2,6125.86,0
2023-05-08 09:35:46,6126.0,406,6123.6,1,6125.0,1,6125.92,0
2023-05-08 09:35:47,6126.0,406,6123.6,1,6125.2,1,6125.9800000000005,0
2023-05-08 09:35:47,6126.0,406,6123.6,1,6125.0,1,6126.04,1
2023-05-08 09:35:48,6125.0,408,6125.0,3,6125.4,1,6126.12,1
2023-05-08 09:35:48,6125.4,410,6125.4,4,6126.2,2,6126.26,1
2023-05-08 09:35:49,6125.4,410,6125.4,4,6125.8,1,6126.400000000001,1
2023-05-08 09:35:49,6125.8,411,6125.4,4,6126.8,1,6126.5,1
2023-05-08 09:35:50,6125.8,411,6125.4,4,6126.6,1,6126.62,1
2023-05-08 09:35:52,6126.6,412,6126.6,3,6126.8,1,6126.66,1
2023-05-08 09:35:52,6126.6,415,6125.0,1,6126.6,2,6126.7,1
2023-05-08 09:35:53,6126.6,415,6125.2,1,6126.0,1,6126.74,1
2023-05-08 09:35:53,6126.6,415,6125.2,1,6126.0,1,6126.78,1
2023-05-08 09:35:55,6126.6,415,6125.2,1,6125.8,1,6126.82,1
2023-05-08 09:35:56,6125.8,416,6125.4,1,6126.8,1,6126.86,1
2023-05-08 09:35:56,6126.8,417,6125.4,1,6126.6,1,6126.8,0
2023-05-08 09:35:57,6126.8,418,6125.6,1,6127.0,1,6126.74,0
2023-05-08 09:35:57,6126.8,418,6126.0,1,6126.6,1,6126.68,0
2023-05-08 09:35:58,6127.0,419,6126.4,1,6127.6,2,6126.6,0
2023-05-08 09:35:58,6127.0,419,6126.6,3,6127.6,2,6126.52,0
2023-05-08 09:35:59,6127.0,419,6126.6,2,6127.6,2,6126.52,0
2023-05-08 09:35:59,6127.0,419,6126.6,1,6127.4,2,6126.4800000000005,0
2023-05-08 09:36:00,6127.0,419,6126.2,1,6126.6,1,6126.4400000000005,0
2023-05-08 09:36:00,6127.0,419,6125.0,1,6126.2,1,6126.4,0
2023-05-08 09:36:01,6126.2,420,6125.2,1,6127.2,2,6126.32,1
2023-05-08 09:36:01,6126.2,420,6125.2,1,6127.0,3,6126.24,1
2023-05-08 09:36:02,6126.2,420,6125.4,1,6127.0,2,6126.219999999999,1
2023-05-08 09:36:02,6126.2,420,6125.4,1,6127.0,2,6126.2,0
2023-05-08 09:36:03,6126.2,420,6125.4,1,6126.8,1,6126.18,0
2023-05-08 09:36:03,6126.2,420,6125.0,1,6126.6,3,6126.16,0
2023-05-08 09:36:04,6127.0,426,6126.6,13,6127.0,1,6126.08,0
2023-05-08 09:36:04,6126.6,439,6125.0,1,6126.6,1,6126.06,0
2023-05-08 09:36:05,6126.6,439,6125.2,1,6126.2,2,6126.04,0
2023-05-08 09:36:05,6126.6,439,6125.2,1,6126.0,1,6126.02,0
2023-05-08 09:36:06,6125.4,440,6125.2,1,6126.0,1,6126.12,1
2023-05-08 09:36:07,6125.4,440,6125.4,1,6126.0,1,6126.24,1
2023-05-08 09:36:08,6126.0,441,6125.6,1,6126.4,2,6126.3,1
2023-05-08 09:36:08,6126.0,441,6125.6,1,6126.2,2,6126.36,1
2023-05-08 09:36:09,6126.0,441,6125.6,1,6126.2,2,6126.42,1
2023-05-08 09:36:09,6126.0,441,6125.6,1,6126.2,2,6126.4800000000005,1
2023-05-08 09:36:10,6126.2,443,6125.6,1,6126.4,1,6126.52,1
2023-05-08 09:36:11,6126.4,444,6125.8,4,6126.8,1,6126.54,1
2023-05-08 09:36:11,6126.4,444,6126.4,1,6127.4,1,6126.58,1
2023-05-08 09:36:12,6126.4,444,6126.8,1,6127.4,1,6126.620000000001,1
2023-05-08 09:36:12,6126.4,444,6126.8,1,6127.0,1,6126.660000000001,1
2023-05-08 09:36:13,6126.6,447,6125.0,1,6127.4,1,6126.68,1
2023-05-08 09:36:13,6126.6,447,6125.2,3,6127.0,2,6126.7,1
2023-05-08 09:36:14,6126.6,447,6125.2,2,6127.0,1,6126.72,1
2023-05-08 09:36:14,6126.6,447,6125.0,1,6127.0,2,6126.74,1
2023-05-08 09:36:15,6126.6,447,6125.0,1,6127.0,2,6126.76,1
2023-05-08 09:36:15,6126.6,447,6125.2,2,6127.0,1,6126.74,1
2023-05-08 09:36:16,6126.6,447,6125.2,2,6127.2,2,6126.719999999999,1
2023-05-08 09:36:16,6126.8,448,6125.4,1,6127.0,2,6126.679999999999,0
2023-05-08 09:36:17,6126.8,448,6125.6,1,6127.0,2,6126.64,0
2023-05-08 09:36:18,6126.8,448,6125.0,1,6127.0,2,6126.6,0
2023-05-08 09:36:18,6126.8,448,6125.0,1,6126.4,1,6126.52,0
2023-05-08 09:36:19,6126.8,448,6125.0,1,6125.8,1,6126.6,0
2023-05-08 09:36:20,6126.8,448,6125.0,1,6126.8,1,6126.679999999999,0
2023-05-08 09:36:21,6126.8,448,6125.0,1,6126.2,1,6126.76,0
2023-05-08 09:36:21,6126.8,448,6125.0,1,6126.2,1,6126.84,1
2023-05-08 09:36:22,6126.4,449,6125.0,2,6126.6,2,6126.96,1
2023-05-08 09:36:22,6126.4,449,6125.4,1,6125.8,2,6127.08,1
2023-05-08 09:36:23,6126.4,449,6125.4,1,6126.8,1,6127.2,1
2023-05-08 09:36:23,6126.4,449,6125.4,1,6127.0,1,6127.320000000001,1
2023-05-08 09:36:24,6126.4,449,6125.4,1,6126.0,1,6127.4400000000005,1
2023-05-08 09:36:24,6126.0,450,6125.8,1,6127.0,1,6127.6,1
2023-05-08 09:36:25,6127.6,453,6126.2,1,6127.6,1,6127.6,0
2023-05-08 09:36:25,6127.6,454,6126.8,1,6128.2,1,6127.660000000001,1
2023-05-08 09:36:26,6127.6,454,6127.0,2,6128.2,1,6127.719999999999,1
2023-05-08 09:36:26,6127.6,454,6127.2,1,6128.2,1,6127.76,1
2023-05-08 09:36:27,6127.6,454,6127.0,1,6128.2,1,6127.8,1
2023-05-08 09:36:27,6127.6,454,6126.6,1,6128.2,1,6127.84,1
2023-05-08 09:36:28,6127.6,454,6126.8,1,6128.2,1,6127.88,1
2023-05-08 09:36:29,6127.6,454,6126.6,1,6128.2,1,6127.92,1
2023-05-08 09:36:30,6127.6,454,6126.8,1,6128.2,1,6128.06,1
2023-05-08 09:36:31,6127.6,454,6127.0,1,6128.2,1,6128.26,1
2023-05-08 09:36:33,6127.6,454,6127.0,1,6128.2,1,6128.46,1
2023-05-08 09:36:34,6128.2,455,6127.2,1,6128.6,1,6128.6,1
2023-05-08 09:36:35,6128.2,455,6127.4,2,6128.0,1,6128.74,1
2023-05-08 09:36:36,6128.0,456,6127.4,2,6128.8,1,6128.9,1
2023-05-08 09:36:36,6128.0,456,6127.4,2,6129.0,1,6129.06,1
2023-05-08 09:36:38,6128.0,456,6127.6,3,6129.0,1,6129.22,1
2023-05-08 09:36:38,6128.0,456,6128.0,2,6129.0,1,6129.38,1
2023-05-08 09:36:39,6128.0,456,6128.4,1,6129.0,1,6129.56,1
2023-05-08 09:36:40,6129.0,457,6128.2,1,6129.6,1,6129.660000000001,1
2023-05-08 09:36:40,6129.6,459,6128.2,1,6129.8,2,6129.64,1
2023-05-08 09:36:41,6129.6,459,6128.4,2,6129.8,2,6129.62,1
2023-05-08 09:36:41,6129.6,459,6128.4,2,6129.8,2,6129.6,0
2023-05-08 09:36:42,6129.6,459,6128.4,1,6129.8,2,6129.58,0
2023-05-08 09:36:42,6129.6,459,6128.2,2,6129.8,2,6129.56,0
2023-05-08 09:36:43,6129.6,459,6128.2,1,6129.8,2,6129.52,0
2023-05-08 09:36:45,6129.6,459,6128.6,1,6129.8,2,6129.48,0
2023-05-08 09:36:45,6129.6,459,6128.6,1,6129.8,2,6129.4400000000005,0
2023-05-08 09:36:46,6129.8,461,6128.8,3,6130.0,15,6129.379999999999,0
2023-05-08 09:36:47,6130.0,476,6129.0,2,6131.6,1,6129.32,0
2023-05-08 09:36:47,6129.4,479,6129.2,2,6132.2,1,6129.44,1
2023-05-08 09:36:48,6129.4,479,6130.0,1,6131.4,2,6129.56,1
2023-05-08 09:36:48,6129.4,481,6129.6,1,6131.4,2,6129.68,1
2023-05-08 09:36:49,6129.4,481,6129.2,2,6132.0,3,6129.8,1
2023-05-08 09:36:49,6129.4,481,6129.4,1,6131.2,2,6129.92,1
2023-05-08 09:36:50,6129.2,482,6129.0,2,6131.2,2,6130.06,1
2023-05-08 09:36:50,6129.2,482,6128.8,2,6130.8,1,6130.04,1
2023-05-08 09:36:51,6129.2,482,6129.0,2,6130.6,1,6130.1,1
2023-05-08 09:36:51,6129.2,482,6129.4,1,6130.6,1,6130.160000000001,1
2023-05-08 09:36:52,6129.4,484,6128.8,1,6129.0,1,6130.2,1
2023-05-08 09:36:52,6130.6,487,6130.6,2,6130.8,1,6130.14,0
2023-05-08 09:36:53,6130.6,489,6128.2,1,6130.2,1,6130.08,0
2023-05-08 09:36:53,6130.6,489,6128.8,2,6130.6,2,6130.02,0
2023-05-08 09:36:54,6130.6,489,6129.0,2,6130.6,2,6129.96,0
2023-05-08 09:36:54,6130.6,489,6129.0,3,6130.6,2,6129.9,0
2023-05-08 09:36:57,6130.6,489,6129.0,2,6130.6,2,6129.84,0
2023-05-08 09:36:57,6129.0,491,6130.0,1,6130.4,1,6130.0,1
2023-05-08 09:36:58,6129.8,492,6128.6,1,6130.2,1,6130.08,1
2023-05-08 09:36:58,6129.8,492,6128.6,1,6130.2,1,6130.16,1
2023-05-08 09:36:59,6129.8,492,6128.2,1,6130.2,1,6130.24,1
2023-05-08 09:36:59,6130.0,493,6128.2,1,6130.2,1,6130.3,1
2023-05-08 09:37:00,6130.0,493,6128.4,1,6130.2,1,6130.26,1
2023-05-08 09:37:00,6130.0,493,6128.4,1,6130.4,1,6130.22,1
2023-05-08 09:37:01,6130.0,493,6128.8,1,6130.6,1,6130.18,1
2023-05-08 09:37:01,6130.0,493,6129.0,2,6130.6,1,6130.200000000001,1
2023-05-08 09:37:02,6130.0,493,6129.0,1,6130.6,1,6130.22,1
2023-05-08 09:37:02,6130.6,494,6129.2,1,6131.0,1,6130.18,0
2023-05-08 09:37:03,6130.6,494,6129.6,1,6130.8,1,6130.14,0
2023-05-08 09:37:03,6130.6,494,6129.6,1,6131.0,1,6130.26,0
2023-05-08 09:37:04,6130.6,494,6129.8,1,6132.0,1,6130.38,0
2023-05-08 09:37:04,6130.6,494,6129.8,1,6130.0,2,6130.5,0
2023-05-08 09:37:05,6129.6,499,6130.2,1,6131.8,2,6130.719999999999,1
2023-05-08 09:37:05,6129.6,499,6130.2,1,6131.4,1,6130.9400000000005,1
2023-05-08 09:37:06,6129.6,499,6130.4,1,6131.4,1,6131.160000000001,1
2023-05-08 09:37:06,6130.2,500,6130.4,1,6131.4,1,6131.32,1
2023-05-08 09:37:07,6130.2,500,6130.6,1,6131.4,1,6131.4800000000005,1
2023-05-08 09:37:07,6130.2,500,6130.8,1,6131.8,3,6131.64,1
2023-05-08 09:37:08,6130.2,500,6130.8,1,6131.8,3,6131.8,1
2023-05-08 09:37:09,6131.8,503,6131.0,3,6132.2,1,6131.800000000001,1
2023-05-08 09:37:09,6131.8,503,6131.2,1,6133.2,1,6131.8,0
2023-05-08 09:37:10,6131.8,503,6131.4,1,6133.2,1,6131.8,0
2023-05-08 09:37:10,6131.8,503,6131.6,2,6133.2,1,6131.8,0
2023-05-08 09:37:11,6131.8,503,6131.8,2,6133.2,1,6131.8,0
2023-05-08 09:37:11,6131.8,503,6131.8,2,6133.0,1,6131.82,1
2023-05-08 09:37:13,6131.8,503,6131.8,2,6133.2,1,6131.84,1
2023-05-08 09:37:13,6131.8,503,6131.8,1,6133.2,1,6131.86,1
2023-05-08 09:37:14,6131.8,503,6131.8,1,6133.0,1,6131.9400000000005,1
2023-05-08 09:37:14,6131.8,503,6131.6,2,6132.8,1,6132.04,1
2023-05-08 09:37:15,6131.8,503,6131.6,1,6132.8,1,6132.179999999999,1
2023-05-08 09:37:16,6131.8,503,6130.8,1,6132.8,1,6132.320000000001,1
2023-05-08 09:37:16,6131.8,503,6131.0,1,6132.6,2,6132.46,1
2023-05-08 09:37:19,6131.8,503,6131.4,1,6132.6,1,6132.6,1
2023-05-08 09:37:19,6131.8,503,6131.6,1,6132.0,1,6132.74,1
2023-05-08 09:37:20,6132.0,504,6131.6,1,6132.6,1,6132.86,1
2023-05-08 09:37:20,6132.0,504,6131.8,1,6132.6,1,6132.9800000000005,1
2023-05-08 09:37:21,6132.0,504,6131.8,1,6132.6,1,6133.12,1
2023-05-08 09:37:22,6132.6,505,6131.8,2,6132.8,2,6133.2,1
2023-05-08 09:37:22,6132.8,506,6131.8,2,6133.2,1,6133.26,1
2023-05-08 09:37:23,6133.2,507,6132.2,1,6133.4,1,6133.280000000001,1
2023-05-08 09:37:23,6133.2,507,6132.4,1,6133.4,1,6133.299999999999,1
2023-05-08 09:37:24,6133.2,507,6131.8,2,6133.2,1,6133.32,1
2023-05-08 09:37:25,6133.2,507,6132.0,1,6133.4,1,6133.34,1
2023-05-08 09:37:25,6133.2,507,6132.2,2,6133.4,1,6133.36,1
2023-05-08 09:37:26,6133.2,507,6132.4,1,6133.4,1,6133.46,1
2023-05-08 09:37:27,6133.2,507,6132.4,1,6133.4,1,6133.56,1
2023-05-08 09:37:27,6133.4,508,6132.4,1,6134.6,3,6133.719999999999,1
2023-05-08 09:37:28,6133.4,508,6132.6,2,6134.0,1,6133.879999999999,1
2023-05-08 09:37:28,6133.4,508,6132.6,1,6133.8,1,6134.039999999999,1
2023-05-08 09:37:29,6133.4,508,6132.6,1,6133.8,1,6134.199999999999,1
2023-05-08 09:37:29,6133.4,508,6132.8,1,6134.4,1,6134.26,1
2023-05-08 09:37:30,6133.4,508,6133.2,1,6134.2,1,6134.32,1
2023-05-08 09:37:30,6133.4,508,6133.4,2,6135.0,3,6134.48,1
2023-05-08 09:37:31,6133.4,508,6134.2,1,6134.8,2,6134.62,1
2023-05-08 09:37:31,6134.2,509,6133.2,1,6134.2,1,6134.68,1
2023-05-08 09:37:32,6134.2,509,6133.2,1,6134.6,1,6134.74,1
2023-05-08 09:37:32,6135.0,514,6133.4,2,6135.0,1,6134.72,0
2023-05-08 09:37:33,6135.0,514,6133.8,1,6135.0,1,6134.7,0
2023-05-08 09:37:33,6135.0,514,6134.0,2,6134.8,1,6134.58,0
2023-05-08 09:37:34,6135.0,514,6134.2,1,6135.0,1,6134.460000000001,0
2023-05-08 09:37:34,6134.0,516,6133.8,1,6135.0,1,6134.4400000000005,1
2023-05-08 09:37:35,6134.0,516,6134.0,1,6135.0,1,6134.42,1
2023-05-08 09:37:36,6135.0,517,6134.8,1,6136.0,1,6134.300000000001,0
2023-05-08 09:37:36,6134.8,518,6134.0,1,6135.2,1,6134.2,0
2023-05-08 09:37:37,6134.8,518,6133.8,1,6135.2,1,6134.1,0
2023-05-08 09:37:38,6134.8,518,6134.2,1,6135.8,2,6134.0,0
2023-05-08 09:37:38,6134.8,518,6134.4,1,6135.8,2,6133.9,0
2023-05-08 09:37:39,6134.8,518,6134.2,1,6135.8,2,6133.74,0
2023-05-08 09:37:39,6133.8,519,6133.6,2,6135.6,2,6133.6,0
2023-05-08 09:37:40,6133.8,519,6132.8,1,6135.6,2,6133.46,0
2023-05-08 09:37:40,6133.8,519,6133.2,1,6135.6,2,6133.320000000001,0
2023-05-08 09:37:41,6133.8,519,6133.4,1,6135.6,2,6133.18,0
2023-05-08 09:37:41,6133.8,519,6133.2,1,6135.6,2,6133.039999999999,0
2023-05-08 09:37:42,6133.8,519,6133.2,1,6134.8,1,6132.9,0
2023-05-08 09:37:42,6133.8,519,6133.2,1,6134.6,2,6132.76,0
2023-05-08 09:37:43,6133.8,519,6133.2,1,6134.6,2,6132.62,0
2023-05-08 09:37:44,6133.8,519,6133.2,1,6134.4,1,6132.48,0
2023-05-08 09:37:44,6133.2,520,6131.6,1,6134.4,1,6132.4,0
2023-05-08 09:37:45,6132.4,521,6132.2,1,6134.4,1,6132.4,0
2023-05-08 09:37:45,6132.4,521,6131.8,1,6134.0,2,6132.4,0
2023-05-08 09:37:46,6132.4,521,6131.6,1,6133.4,1,6132.4,0
2023-05-08 09:37:46,6132.4,521,6130.8,1,6133.4,1,6132.4,0
2023-05-08 09:37:47,6132.4,521,6131.2,1,6133.0,1,6132.4,0
2023-05-08 09:37:47,6132.4,521,6131.2,1,6133.0,1,6132.4,0
2023-05-08 09:37:48,6132.4,521,6131.2,1,6132.8,1,6132.4,0
2023-05-08 09:37:48,6132.4,521,6130.6,1,6132.4,1,6132.4,0
2023-05-08 09:37:49,6132.4,521,6130.8,2,6132.4,1,6132.4,0
2023-05-08 09:37:49,6132.4,521,6130.8,1,6132.2,1,6132.4,0
2023-05-08 09:37:50,6132.4,521,6131.2,2,6133.0,1,6132.4,0
2023-05-08 09:37:50,6132.4,521,6131.4,1,6133.8,1,6132.4,0
2023-05-08 09:37:51,6132.4,521,6131.8,1,6133.6,2,6132.4,0
2023-05-08 09:37:51,6132.4,521,6132.2,2,6133.6,2,6132.4,0
2023-05-08 09:37:52,6132.4,521,6132.6,1,6133.6,1,6132.4,0
2023-05-08 09:37:52,6132.4,521,6132.8,1,6134.4,1,6132.4,0
2023-05-08 09:37:53,6132.4,521,6132.8,1,6134.0,1,6132.4,0
2023-05-08 09:37:53,6132.4,521,6132.2,2,6134.0,1,6132.4,0
2023-05-08 09:37:54,6132.4,521,6132.6,1,6134.2,4,6132.58,1
2023-05-08 09:37:54,6132.4,521,6132.2,2,6133.8,1,6132.759999999999,1
2023-05-08 09:37:55,6132.4,521,6132.4,2,6133.4,2,6132.9400000000005,1
2023-05-08 09:37:55,6132.4,521,6132.4,2,6133.4,2,6133.12,1
2023-05-08 09:37:56,6132.4,523,6131.4,1,6133.2,1,6133.299999999999,1
2023-05-08 09:37:56,6132.4,523,6131.8,1,6133.2,1,6133.48,1
2023-05-08 09:37:57,6132.4,523,6132.0,1,6133.2,1,6133.66,1
2023-05-08 09:37:57,6132.4,523,6131.6,1,6133.2,1,6133.839999999999,1
2023-05-08 09:37:58,6132.4,523,6131.6,1,6133.4,1,6134.02,1
2023-05-08 09:37:58,6132.4,523,6132.0,3,6134.2,1,6134.2,1
2023-05-08 09:37:59,6134.2,524,6132.8,1,6134.4,2,6134.2,0
2023-05-08 09:37:59,6134.2,524,6133.0,4,6134.4,2,6134.2,0
2023-05-08 09:38:00,6134.2,524,6133.2,1,6134.2,1,6134.199999999999,0
2023-05-08 09:38:01,6134.2,524,6133.0,2,6134.2,1,6134.2,0
2023-05-08 09:38:01,6134.2,524,6132.2,2,6134.2,1,6134.2,0
2023-05-08 09:38:02,6134.2,524,6132.2,1,6133.8,1,6134.2,0
2023-05-08 09:38:02,6134.2,525,6130.6,1,6133.6,2,6133.82,0
2023-05-08 09:38:03,6134.2,525,6131.2,1,6133.6,2,6133.4400000000005,0
2023-05-08 09:38:03,6134.2,525,6131.6,2,6133.6,1,6133.06,0
2023-05-08 09:38:04,6134.2,525,6131.8,1,6133.4,1,6132.68,0
2023-05-08 09:38:04,6134.2,525,6131.4,1,6133.2,1,6132.4,0
2023-05-08 09:38:05,6134.2,525,6130.8,2,6133.0,3,6132.12,0
2023-05-08 09:38:05,6134.2,525,6130.4,1,6132.6,1,6131.84,0
2023-05-08 09:38:06,6134.2,525,6130.4,1,6132.0,1,6131.539999999999,0
2023-05-08 09:38:06,6134.2,525,6130.4,1,6132.2,2,6131.24,0
2023-05-08 09:38:07,6134.2,525,6130.4,1,6131.4,2,6131.1,0
2023-05-08 09:38:07,6130.4,526,6130.6,1,6131.4,2,6131.34,1
2023-05-08 09:38:08,6130.4,526,6128.6,1,6131.2,1,6131.58,1
2023-05-08 09:38:08,6130.4,526,6129.6,2,6132.2,1,6131.82,1
2023-05-08 09:38:09,6130.4,526,6131.4,1,6132.0,3,6132.06,1
2023-05-08 09:38:09,6131.4,527,6129.8,1,6131.4,1,6132.2,1
2023-05-08 09:38:10,6131.4,527,6130.2,1,6131.2,1,6132.34,1
2023-05-08 09:38:10,6131.4,527,6131.2,1,6131.4,1,6132.4800000000005,1
2023-05-08 09:38:11,6131.2,528,6130.4,2,6131.4,1,6132.6,1
2023-05-08 09:38:11,6131.2,528,6131.4,1,6132.0,2,6132.72,1
2023-05-08 09:38:12,6132.8,531,6131.6,1,6133.0,1,6132.68,0
2023-05-08 09:38:12,6132.8,532,6132.0,1,6133.8,1,6132.639999999999,0
2023-05-08 09:38:13,6132.8,532,6132.2,4,6134.0,1,6132.6,0
2023-05-08 09:38:13,6132.8,532,6132.8,1,6134.2,2,6132.56,0
2023-05-08 09:38:14,6132.8,532,6133.0,3,6134.2,2,6132.52,0
2023-05-08 09:38:14,6132.8,532,6133.0,3,6134.2,2,6132.4800000000005,0
2023-05-08 09:38:15,6132.8,532,6133.0,1,6134.2,2,6132.44,0
2023-05-08 09:38:15,6132.8,532,6132.2,4,6134.2,2,6132.44,0
2023-05-08 09:38:16,6132.4,535,6132.2,4,6134.2,2,6132.4800000000005,1
2023-05-08 09:38:16,6132.4,535,6132.4,1,6133.8,1,6132.52,1
2023-05-08 09:38:17,6132.4,535,6132.6,1,6133.8,1,6132.56,1
2023-05-08 09:38:17,6132.4,535,6132.8,2,6134.2,2,6132.679999999999,1
2023-05-08 09:38:18,6132.4,535,6132.8,3,6134.2,2,6132.76,1
2023-05-08 09:38:19,6132.4,535,6132.8,1,6134.0,1,6132.84,1
2023-05-08 09:38:19,6132.4,535,6132.8,1,6134.0,1,6133.02,1
2023-05-08 09:38:20,6132.4,535,6132.8,1,6134.0,1,6133.2,1
2023-05-08 09:38:20,6132.4,535,6132.8,1,6134.0,1,6133.38,1
2023-05-08 09:38:21,6132.8,536,6132.2,1,6134.0,1,6133.38,1
2023-05-08 09:38:21,6132.8,536,6132.2,1,6133.8,1,6133.379999999999,1
2023-05-08 09:38:22,6132.8,536,6132.2,1,6133.6,2,6133.38,1
2023-05-08 09:38:22,6132.8,536,6132.4,1,6132.8,3,6133.379999999999,1
2023-05-08 09:38:23,6133.6,540,6132.8,5,6134.2,3,6133.3,0
2023-05-08 09:38:23,6133.2,541,6133.0,1,6134.2,3,6133.26,1
2023-05-08 09:38:24,6133.2,541,6133.4,1,6134.2,3,6133.219999999999,1
2023-05-08 09:38:24,6134.2,542,6133.4,1,6134.2,2,6133.08,0
2023-05-08 09:38:25,6134.2,542,6132.8,5,6134.2,2,6132.900000000001,0
2023-05-08 09:38:25,6134.2,542,6132.8,3,6134.2,2,6132.719999999999,0
2023-05-08 09:38:26,6132.8,544,6132.6,1,6134.0,1,6132.679999999999,0
2023-05-08 09:38:26,6132.8,545,6132.2,1,6132.8,2,6132.66,0
2023-05-08 09:38:27,6132.8,547,6132.2,1,6133.6,1,6132.58,0
2023-05-08 09:38:27,6132.8,547,6132.4,1,6133.6,1,6132.54,0
2023-05-08 09:38:28,6132.8,547,6132.2,1,6133.6,1,6132.4,0
2023-05-08 09:38:28,6132.8,547,6132.0,1,6133.4,2,6132.3,0
2023-05-08 09:38:29,6132.8,547,6132.0,1,6133.2,1,6132.12,0
2023-05-08 09:38:29,6132.8,547,6132.0,1,6133.2,1,6131.98,0
2023-05-08 09:38:30,6132.4,548,6132.4,1,6133.4,1,6131.879999999999,0
2023-05-08 09:38:30,6132.4,548,6132.4,1,6133.4,1,6131.88,0
2023-05-08 09:38:31,6132.4,548,6132.6,1,6133.4,1,6131.88,0
2023-05-08 09:38:32,6132.6,549,6132.0,1,6132.4,2,6131.86,0
2023-05-08 09:38:32,6132.0,550,6131.4,1,6132.4,2,6131.780000000001,0
2023-05-08 09:38:33,6132.4,551,6131.4,1,6132.4,1,6131.66,0
2023-05-08 09:38:34,6131.4,552,6131.0,1,6132.2,1,6131.62,1
2023-05-08 09:38:34,6131.8,553,6131.0,1,6131.4,2,6131.539999999999,0
2023-05-08 09:38:35,6131.0,554,6130.4,2,6131.4,2,6131.539999999999,1
2023-05-08 09:38:35,6131.4,556,6131.0,2,6132.4,1,6131.54,1
2023-05-08 09:38:36,6131.4,556,6131.2,3,6132.4,1,6131.539999999999,1
2023-05-08 09:38:36,6132.4,557,6131.2,3,6133.4,1,6131.44,0
2023-05-08 09:38:37,6132.4,557,6131.4,1,6133.2,4,6131.34,0
2023-05-08 09:38:37,6132.4,557,6131.2,3,6133.0,1,6131.24,0
2023-05-08 09:38:38,6131.2,559,6131.0,1,6132.8,1,6131.259999999999,1
2023-05-08 09:38:38,6131.2,559,6131.0,1,6132.6,1,6131.12,0
2023-05-08 09:38:39,6131.0,561,6130.8,1,6132.4,1,6131.0,0
2023-05-08 09:38:39,6131.0,561,6130.8,1,6132.2,1,6130.879999999999,0
2023-05-08 09:38:40,6131.0,561,6131.0,1,6131.4,1,6130.76,0
2023-05-08 09:38:40,6131.4,562,6131.4,1,6132.2,1,6130.6,0
2023-05-08 09:38:41,6131.4,562,6131.4,1,6133.0,1,6130.4400000000005,0
2023-05-08 09:38:41,6131.4,564,6130.8,1,6132.6,1,6130.2,0
2023-05-08 09:38:42,6131.4,564,6130.4,1,6132.4,3,6129.96,0
2023-05-08 09:38:42,6131.4,564,6129.8,1,6132.0,1,6129.719999999999,0
2023-05-08 09:38:43,6131.4,564,6129.8,1,6131.6,2,6129.4800000000005,0
2023-05-08 09:38:43,6129.8,565,6128.8,1,6129.8,1,6129.4,0
2023-05-08 09:38:44,6129.8,566,6129.4,1,6131.4,2,6129.32,0
2023-05-08 09:38:44,6129.8,566,6129.4,1,6131.2,1,6129.26,0
2023-05-08 09:38:45,6129.8,566,6129.6,1,6131.2,1,6129.14,0
2023-05-08 09:38:45,6129.8,566,6129.4,1,6131.0,1,6129.2,0
2023-05-08 09:38:46,6129.8,566,6129.0,2,6130.8,1,6129.26,0
2023-05-08 09:38:46,6129.0,568,6129.0,1,6130.6,1,6129.4,1
2023-05-08 09:38:47,6129.0,568,6128.6,1,6130.4,1,6129.54,1
2023-05-08 09:38:47,6129.0,568,6128.6,1,6130.6,1,6129.5,1
2023-05-08 09:38:48,6129.0,568,6128.8,1,6130.4,2,6129.46,1
2023-05-08 09:38:48,6129.0,568,6129.2,1,6130.4,3,6129.42,1
2023-05-08 09:38:49,6129.0,568,6129.2,1,6130.4,3,6129.38,1
2023-05-08 09:38:49,6129.2,570,6128.6,1,6129.0,1,6129.32,1
2023-05-08 09:38:50,6128.6,572,6128.0,1,6128.6,1,6129.32,1
2023-05-08 09:38:50,6130.4,574,6128.2,3,6130.8,1,6129.08,0
2023-05-08 09:38:51,6130.4,574,6128.6,1,6130.2,1,6128.9800000000005,0
2023-05-08 09:38:51,6130.4,574,6128.6,1,6130.2,1,6128.88,0
2023-05-08 09:38:52,6130.4,574,6128.6,1,6130.4,2,6128.780000000001,0
2023-05-08 09:38:52,6128.6,575,6128.2,3,6128.6,1,6128.86,1
2023-05-08 09:38:53,6128.6,576,6128.2,4,6130.4,2,6128.74,1
2023-05-08 09:38:53,6128.6,576,6128.6,1,6130.0,1,6128.62,1
2023-05-08 09:38:54,6128.6,579,6128.2,3,6128.6,1,6128.679999999999,1
2023-05-08 09:38:54,6128.6,580,6128.2,3,6130.0,1,6128.74,1
2023-05-08 09:38:55,6128.6,580,6128.0,1,6129.8,2,6128.68,1
2023-05-08 09:38:55,6128.0,582,6127.6,2,6128.0,1,6128.68,1
2023-05-08 09:38:56,6129.4,584,6126.4,1,6129.6,1,6128.54,0
2023-05-08 09:38:56,6129.4,584,6127.4,1,6129.4,2,6128.48,0
2023-05-08 09:38:57,6129.4,584,6127.2,2,6129.0,1,6128.42,0
2023-05-08 09:38:57,6129.4,585,6127.4,5,6129.4,1,6128.360000000001,0
2023-05-08 09:38:58,6127.4,587,6127.4,2,6129.4,1,6128.5,1
2023-05-08 09:38:58,6127.4,587,6127.4,1,6129.2,1,6128.42,1
2023-05-08 09:38:59,6129.2,588,6127.6,2,6129.8,2,6128.18,0
2023-05-08 09:39:00,6129.2,588,6128.0,1,6129.8,1,6127.9400000000005,0
2023-05-08 09:39:00,6128.0,589,6127.8,1,6128.0,1,6127.82,0
2023-05-08 09:39:01,6128.0,590,6127.8,1,6129.8,1,6127.7,0
2023-05-08 09:39:01,6128.0,590,6127.6,1,6129.0,1,6127.58,0
2023-05-08 09:39:02,6128.8,591,6127.2,1,6129.0,1,6127.38,0
2023-05-08 09:39:02,6128.8,591,6126.8,2,6128.8,1,6127.36,0
2023-05-08 09:39:03,6128.8,591,6126.8,1,6128.4,1,6127.340000000001,0
2023-05-08 09:39:04,6128.8,591,6126.6,3,6128.2,2,6127.320000000001,0
2023-05-08 09:39:04,6126.6,593,6126.6,1,6126.8,1,6127.52,1
2023-05-08 09:39:05,6126.8,594,6126.8,2,6128.0,1,6127.7,1
2023-05-08 09:39:05,6126.8,594,6127.2,1,6128.8,1,6127.88,1
2023-05-08 09:39:06,6126.8,594,6126.6,2,6128.6,3,6128.06,1
2023-05-08 09:39:06,6126.8,594,6127.0,2,6128.4,1,6128.08,1
2023-05-08 09:39:07,6126.8,594,6126.6,2,6128.6,2,6128.1,1
2023-05-08 09:39:07,6126.8,594,6127.0,1,6128.6,1,6128.120000000001,1
2023-05-08 09:39:08,6128.6,595,6127.0,2,6128.8,1,6127.960000000001,0
2023-05-08 09:39:08,6128.6,595,6127.2,2,6128.8,1,6127.68,0
2023-05-08 09:39:09,6128.6,595,6127.6,1,6128.8,1,6127.4,0
2023-05-08 09:39:09,6128.6,595,6127.2,1,6128.0,1,6127.120000000001,0
2023-05-08 09:39:10,6128.6,596,6127.2,1,6128.8,1,6126.84,0
2023-05-08 09:39:10,6128.6,597,6127.2,1,6128.6,1,6126.56,0
2023-05-08 09:39:11,6128.6,599,6128.6,1,6128.8,1,6126.280000000001,0
2023-05-08 09:39:11,6127.0,601,6125.4,1,6128.4,2,6126.16,0
2023-05-08 09:39:12,6127.0,601,6126.2,1,6128.0,1,6126.04,0
2023-05-08 09:39:12,6127.0,601,6125.8,2,6127.8,2,6126.04,0
2023-05-08 09:39:13,6127.0,601,6125.8,2,6127.6,1,6126.04,0
2023-05-08 09:39:13,6125.8,603,6125.4,2,6127.4,1,6126.160000000001,1
2023-05-08 09:39:14,6125.8,603,6125.4,1,6127.0,1,6126.280000000001,1
2023-05-08 09:39:15,6125.8,603,6125.8,2,6127.2,1,6126.4,1
2023-05-08 09:39:15,6125.8,603,6125.8,2,6127.8,1,6126.52,1
2023-05-08 09:39:16,6125.8,603,6126.0,1,6127.0,1,6126.64,1
2023-05-08 09:39:16,6125.8,603,6126.2,2,6127.0,1,6126.76,1
2023-05-08 09:39:17,6125.8,603,6126.2,1,6127.0,1,6126.88,1
2023-05-08 09:39:17,6125.8,603,6126.2,1,6127.0,1,6127.0,1
2023-05-08 09:39:18,6127.0,604,6127.0,1,6128.2,1,6127.0,0
2023-05-08 09:39:18,6127.0,604,6127.0,1,6128.0,3,6127.0,0
2023-05-08 09:39:19,6127.0,604,6127.0,1,6128.0,2,6127.0,0
2023-05-08 09:39:20,6127.0,604,6127.0,1,6128.0,1,6127.2,1
2023-05-08 09:39:20,6127.0,605,6126.2,1,6129.0,2,6127.38,1
2023-05-08 09:39:21,6127.0,605,6126.6,2,6128.8,3,6127.56,1
2023-05-08 09:39:21,6127.0,605,6126.8,1,6128.8,3,6127.74,1
2023-05-08 09:39:22,6127.0,606,6127.0,2,6128.8,1,6127.92,1
2023-05-08 09:39:22,6127.0,607,6127.2,1,6129.0,2,6128.08,1
2023-05-08 09:39:23,6127.0,607,6127.4,1,6129.0,2,6128.4,1
2023-05-08 09:39:23,6127.0,607,6127.4,1,6128.8,1,6128.719999999999,1
2023-05-08 09:39:24,6127.0,607,6127.4,1,6128.8,1,6129.04,1
2023-05-08 09:39:24,6127.0,607,6128.8,1,6129.0,2,6129.2,1
2023-05-08 09:39:25,6129.0,609,6128.8,1,6132.0,1,6129.16,1
2023-05-08 09:39:25,6128.8,611,6127.8,1,6130.6,1,6129.140000000001,1
2023-05-08 09:39:26,6128.8,611,6128.6,2,6130.2,1,6129.120000000001,1
2023-05-08 09:39:26,6128.8,611,6128.8,1,6130.2,1,6129.18,1
2023-05-08 09:39:27,6128.8,611,6128.8,1,6130.2,1,6129.24,1
2023-05-08 09:39:27,6128.6,614,6128.4,1,6130.6,1,6129.32,1
2023-05-08 09:39:28,6130.2,615,6128.6,2,6130.4,2,6129.24,0
2023-05-08 09:39:28,6130.2,615,6128.6,2,6130.2,1,6129.160000000001,0
2023-05-08 09:39:29,6130.2,615,6128.6,2,6130.2,1,6129.08,0
2023-05-08 09:39:30,6128.6,619,6128.2,1,6130.4,1,6129.16,1
2023-05-08 09:39:30,6128.6,619,6128.6,1,6130.2,2,6129.24,1
2023-05-08 09:39:31,6128.6,619,6128.2,1,6129.8,1,6129.34,1
2023-05-08 09:39:31,6128.6,619,6128.0,1,6129.6,4,6129.44,1
2023-05-08 09:39:32,6129.4,620,6128.0,1,6129.6,4,6129.460000000001,1
2023-05-08 09:39:32,6129.4,620,6128.4,1,6129.6,3,6129.4800000000005,1
2023-05-08 09:39:33,6129.4,620,6128.4,1,6129.6,2,6129.5,1
2023-05-08 09:39:33,6129.4,620,6128.4,1,6130.0,1,6129.52,1
2023-05-08 09:39:34,6129.4,620,6129.6,1,6130.2,1,6129.56,1
2023-05-08 09:39:34,6129.4,620,6129.6,1,6131.2,1,6129.54,1
2023-05-08 09:39:35,6129.4,620,6129.6,1,6130.8,4,6129.52,1
2023-05-08 09:39:35,6129.4,620,6129.8,1,6130.6,1,6129.58,1
2023-05-08 09:39:36,6129.6,621,6129.6,1,6130.4,1,6129.620000000001,1
2023-05-08 09:39:36,6129.6,621,6129.6,1,6130.4,1,6129.660000000001,1
2023-05-08 09:39:37,6129.6,621,6129.6,1,6130.4,1,6129.7,1
2023-05-08 09:39:38,6129.6,621,6129.6,1,6130.2,1,6129.74,1
2023-05-08 09:39:38,6129.6,622,6129.0,1,6130.0,1,6129.86,1
2023-05-08 09:39:39,6129.6,622,6129.2,1,6130.0,1,6129.84,1
2023-05-08 09:39:39,6129.8,623,6129.2,1,6129.6,1,6129.8,0
2023-05-08 09:39:40,6129.2,624,6129.0,1,6130.0,1,6129.82,1
2023-05-08 09:39:40,6129.2,624,6129.2,1,6130.0,1,6129.94,1
2023-05-08 09:39:41,6130.0,625,6129.2,1,6130.2,1,6129.98,0
2023-05-08 09:39:41,6130.0,625,6130.0,1,6130.4,1,6130.02,1
2023-05-08 09:39:42,6130.0,626,6129.4,1,6131.0,2,6130.06,1
2023-05-08 09:39:42,6130.0,626,6129.2,2,6130.8,5,6130.099999999999,1
2023-05-08 09:39:43,6130.0,626,6129.2,1,6130.8,5,6130.139999999999,1
2023-05-08 09:39:43,6130.8,627,6129.2,1,6129.4,1,6130.1,0
2023-05-08 09:39:44,6129.4,628,6129.6,2,6130.8,3,6130.2,1
2023-05-08 09:39:44,6129.4,628,6129.2,2,6130.8,1,6130.339999999999,1
2023-05-08 09:39:45,6129.4,628,6129.4,1,6130.8,1,6130.4800000000005,1
2023-05-08 09:39:45,6130.4,629,6129.2,4,6130.6,1,6130.52,1
2023-05-08 09:39:46,6130.4,629,6129.2,1,6130.4,1,6130.56,1
2023-05-08 09:39:46,6130.4,629,6129.4,1,6130.2,1,6130.6,1
2023-05-08 09:39:47,6130.4,629,6129.4,1,6130.2,1,6130.64,1
2023-05-08 09:39:47,6130.4,629,6129.4,1,6130.4,1,6130.68,1
2023-05-08 09:39:48,6130.4,629,6129.4,1,6131.0,1,6130.719999999999,1
2023-05-08 09:39:48,6130.4,629,6129.6,1,6130.8,1,6130.6,1
2023-05-08 09:39:49,6130.4,629,6129.4,1,6130.8,1,6130.460000000001,1
2023-05-08 09:39:49,6130.8,630,6129.4,1,6131.8,1,6130.280000000001,0
2023-05-08 09:39:50,6130.8,630,6129.4,1,6131.2,1,6130.1,0
2023-05-08 09:39:50,6130.8,630,6129.4,1,6130.6,1,6129.92,0
2023-05-08 09:39:51,6130.8,630,6129.2,3,6130.0,1,6129.74,0
2023-05-08 09:39:52,6130.8,633,6129.2,3,6131.0,2,6129.56,0
2023-05-08 09:39:52,6130.8,633,6129.4,1,6130.6,1,6129.38,0
2023-05-08 09:39:53,6130.8,633,6129.2,3,6130.4,3,6129.1,0
2023-05-08 09:39:53,6130.8,633,6129.2,1,6130.2,2,6128.82,0
2023-05-08 09:39:54,6129.2,634,6129.0,1,6129.2,1,6128.7,0
2023-05-08 09:39:54,6129.0,635,6128.0,1,6129.2,1,6128.6,0
2023-05-08 09:39:55,6129.0,635,6128.0,1,6129.2,1,6128.5,0
2023-05-08 09:39:57,6129.0,635,6128.0,1,6129.0,1,6128.4,0
2023-05-08 09:39:57,6129.0,635,6128.2,1,6129.2,1,6128.3,0
2023-05-08 09:39:58,6129.0,635,6128.0,1,6130.0,1,6128.2,0
2023-05-08 09:39:58,6129.0,635,6128.2,1,6129.6,3,6128.1,0
2023-05-08 09:39:59,6129.0,635,6128.0,1,6129.2,1,6127.8,0
2023-05-08 09:39:59,6128.0,636,6127.0,1,6128.8,1,6127.6,0
2023-05-08 09:40:00,6128.0,636,6127.0,3,6128.0,1,6127.4,0
2023-05-08 09:40:00,6128.0,636,6127.0,3,6128.0,1,6127.2,0
2023-05-08 09:40:02,6128.0,636,6127.0,3,6127.8,1,6127.0,0
2023-05-08 09:40:02,6128.0,636,6127.0,3,6128.0,1,6126.8,0
2023-05-08 09:40:03,6128.0,636,6127.0,3,6128.0,1,6126.6,0
2023-05-08 09:40:03,6128.0,636,6127.0,3,6128.0,1,6126.4,0
2023-05-08 09:40:04,6128.0,637,6127.0,3,6128.6,2,6126.2,0
2023-05-08 09:40:05,6128.0,637,6127.2,1,6128.4,1,6125.9800000000005,0
2023-05-08 09:40:05,6126.0,643,6125.2,1,6128.2,1,6125.92,0
2023-05-08 09:40:06,6126.0,643,6125.4,3,6127.6,1,6125.84,0
2023-05-08 09:40:06,6126.0,643,6125.4,3,6127.2,1,6125.74,0
2023-05-08 09:40:07,6126.0,643,6125.4,3,6126.8,1,6125.62,0
2023-05-08 09:40:07,6126.0,643,6125.4,2,6126.6,1,6125.5,0
2023-05-08 09:40:08,6126.0,643,6125.6,1,6126.6,1,6125.38,0
2023-05-08 09:40:09,6126.0,643,6125.8,1,6126.4,1,6125.280000000001,0
2023-05-08 09:40:09,6126.0,644,6125.8,1,6126.4,1,6125.18,0
2023-05-08 09:40:10,6126.0,644,6126.0,1,6126.4,1,6125.08,0
2023-05-08 09:40:10,6125.8,645,6125.4,2,6126.4,1,6125.0,0
2023-05-08 09:40:11,6125.4,647,6125.2,2,6126.2,1,6125.04,0
2023-05-08 09:40:11,6125.2,649,6125.0,3,6125.8,1,6125.12,0
2023-05-08 09:40:12,6125.0,652,6124.8,1,6125.6,1,6125.219999999999,1
2023-05-08 09:40:12,6124.8,653,6123.8,1,6125.0,1,6125.34,1
2023-05-08 09:40:13,6124.8,653,6124.0,1,6125.0,1,6125.46,1
2023-05-08 09:40:13,6124.8,653,6124.4,1,6125.0,1,6125.68,1
2023-05-08 09:40:14,6125.0,654,6125.0,1,6125.4,1,6125.88,1
2023-05-08 09:40:14,6125.0,655,6123.8,2,6125.6,1,6126.08,1
2023-05-08 09:40:15,6125.0,655,6124.2,2,6125.6,1,6126.280000000001,1
2023-05-08 09:40:15,6125.0,655,6124.2,2,6125.6,1,6126.4800000000005,1
2023-05-08 09:40:16,6125.8,656,6124.2,2,6126.0,1,6126.6,1
2023-05-08 09:40:16,6126.0,658,6124.4,2,6126.2,1,6126.7,1
2023-05-08 09:40:17,6126.0,658,6124.8,3,6127.0,4,6126.8,1
2023-05-08 09:40:17,6126.0,658,6125.2,2,6126.8,1,6126.8,1
2023-05-08 09:40:18,6126.0,658,6125.6,1,6127.0,3,6126.8,1
2023-05-08 09:40:18,6127.0,659,6126.0,1,6127.0,2,6126.7,0
2023-05-08 09:40:19,6127.0,661,6126.2,1,6129.0,1,6126.6,0
2023-05-08 09:40:19,6127.0,661,6126.2,1,6128.2,1,6126.5,0
2023-05-08 09:40:20,6127.0,661,6126.2,1,6127.8,1,6126.4,0
2023-05-08 09:40:20,6127.0,661,6126.0,1,6127.4,1,6126.3,0
2023-05-08 09:40:21,6127.0,661,6126.0,1,6127.2,1,6126.2,0
2023-05-08 09:40:21,6127.0,661,6126.0,1,6127.2,1,6126.1,0
2023-05-08 09:40:22,6127.0,661,6126.0,1,6127.0,1,6126.0,0
2023-05-08 09:40:22,6126.0,662,6125.0,1,6127.0,1,6125.92,0
2023-05-08 09:40:23,6126.0,662,6124.4,1,6126.8,3,6125.84,0
2023-05-08 09:40:23,6126.0,662,6125.2,1,6126.6,2,6125.76,0
2023-05-08 09:40:24,6126.0,662,6125.2,1,6126.4,1,6125.68,0
2023-05-08 09:40:24,6126.0,662,6125.2,1,6126.2,1,6125.6,0
2023-05-08 09:40:25,6126.0,662,6125.4,1,6126.8,3,6125.52,0
2023-05-08 09:40:25,6126.0,662,6125.4,1,6127.4,1,6125.4400000000005,0
2023-05-08 09:40:26,6126.0,662,6125.4,1,6127.0,1,6125.36,0
2023-05-08 09:40:26,6126.0,662,6125.2,1,6126.8,1,6125.280000000001,0
2023-05-08 09:40:27,6126.0,662,6125.2,1,6126.4,2,6125.2,0
2023-05-08 09:40:27,6125.2,663,6124.0,1,6126.2,3,6125.2,0
2023-05-08 09:40:28,6125.2,663,6124.4,3,6126.2,2,6125.2,0
2023-05-08 09:40:28,6125.2,663,6124.4,3,6126.6,1,6125.2,0
2023-05-08 09:40:29,6125.2,663,6124.6,1,6126.8,1,6125.24,1
2023-05-08 09:40:29,6125.2,663,6125.2,1,6127.0,1,6125.26,1
2023-05-08 09:40:30,6125.2,663,6125.4,1,6127.2,1,6125.280000000001,1
2023-05-08 09:40:30,6125.2,663,6125.4,1,6127.0,1,6125.3,1
2023-05-08 09:40:31,6125.2,663,6125.4,1,6127.0,2,6125.32,1
2023-05-08 09:40:31,6125.2,663,6125.2,1,6127.0,2,6125.34,1
2023-05-08 09:40:32,6125.2,663,6125.2,1,6127.0,1,6125.36,1
2023-05-08 09:40:33,6125.2,664,6124.8,2,6127.0,1,6125.38,1
2023-05-08 09:40:33,6125.2,664,6125.2,1,6126.8,1,6125.4,1
2023-05-08 09:40:34,6125.2,664,6125.6,1,6126.6,1,6125.42,1
2023-05-08 09:40:34,6125.6,666,6125.4,1,6126.6,1,6125.4,0
2023-05-08 09:40:35,6125.4,667,6124.8,1,6126.6,1,6125.4,0
2023-05-08 09:40:35,6125.4,667,6124.4,1,6126.2,2,6125.28,0
2023-05-08 09:40:36,6125.4,667,6124.2,2,6125.4,1,6125.159999999999,0
2023-05-08 09:40:36,6125.4,667,6124.0,1,6125.2,1,6125.04,0
2023-05-08 09:40:37,6125.4,667,6124.0,1,6125.4,1,6124.92,0
2023-05-08 09:40:38,6125.4,668,6124.0,1,6126.0,3,6124.799999999999,0
2023-05-08 09:40:38,6125.4,668,6124.2,2,6125.8,2,6124.679999999999,0
2023-05-08 09:40:39,6125.4,668,6124.2,2,6125.8,1,6124.56,0
2023-05-08 09:40:40,6125.4,668,6124.2,2,6126.0,1,6124.44,0
2023-05-08 09:40:40,6125.4,668,6124.2,2,6126.2,1,6124.32,0
2023-05-08 09:40:41,6125.4,668,6124.2,2,6126.2,1,6124.3,0
2023-05-08 09:40:42,6124.2,670,6124.4,1,6126.0,1,6124.28,1
2023-05-08 09:40:42,6124.2,670,6124.4,1,6125.8,3,6124.26,1
2023-05-08 09:40:43,6124.2,670,6124.2,1,6125.8,3,6124.24,1
2023-05-08 09:40:43,6124.2,670,6124.0,3,6125.8,3,6124.219999999999,1
2023-05-08 09:40:44,6124.2,670,6124.0,1,6125.8,3,6124.4,1
2023-05-08 09:40:44,6124.2,670,6124.4,1,6125.6,1,6124.58,1
2023-05-08 09:40:45,6124.2,670,6124.0,1,6125.4,1,6124.76,1
2023-05-08 09:40:45,6124.2,670,6124.0,1,6125.2,3,6124.94,1
2023-05-08 09:40:46,6124.2,670,6124.0,1,6125.0,1,6125.12,1
2023-05-08 09:40:47,6125.2,671,6124.0,1,6125.2,2,6125.2,0
2023-05-08 09:40:48,6124.0,672,6123.0,2,6124.0,2,6125.4,1
2023-05-08 09:40:48,6124.0,672,6123.4,1,6124.0,2,6125.6,1
2023-05-08 09:40:49,6124.0,672,6123.4,1,6124.0,2,6125.8,1
2023-05-08 09:40:49,6124.0,674,6123.8,1,6125.8,1,6126.02,1
2023-05-08 09:40:50,6126.0,676,6124.2,1,6126.2,1,6126.04,1
2023-05-08 09:40:51,6126.0,676,6124.6,1,6127.6,1,6126.06,1
2023-05-08 09:40:51,6126.0,676,6125.0,1,6126.6,1,6126.08,1
2023-05-08 09:40:53,6126.0,676,6124.0,5,6126.4,2,6126.1,1
2023-05-08 09:40:53,6126.0,676,6124.4,1,6126.4,1,6126.12,1
2023-05-08 09:40:54,6126.0,676,6124.6,1,6126.4,1,6126.04,1
2023-05-08 09:40:54,6126.0,676,6125.0,1,6126.4,1,6125.96,0
2023-05-08 09:40:55,6126.0,676,6125.0,1,6126.4,1,6125.88,0
2023-05-08 09:40:55,6126.0,676,6125.0,1,6126.4,1,6125.8,0
2023-05-08 09:40:56,6126.2,677,6124.2,2,6126.4,1,6125.699999999999,0
2023-05-08 09:40:56,6126.2,677,6124.6,1,6126.4,1,6125.6,0
2023-05-08 09:40:57,6126.2,677,6124.6,1,6126.2,1,6125.5,0
2023-05-08 09:40:57,6126.2,677,6125.2,1,6126.0,1,6125.4,0
2023-05-08 09:40:58,6126.2,677,6125.2,1,6126.0,1,6125.2,0
2023-05-08 09:40:58,6126.2,677,6125.2,1,6126.2,1,6125.0,0
2023-05-08 09:41:01,6125.2,678,6124.2,1,6126.2,1,6125.12,0
2023-05-08 09:41:01,6125.2,678,6124.8,1,6126.2,1,6125.24,1
2023-05-08 09:41:02,6125.2,678,6125.0,1,6126.2,1,6125.359999999999,1
2023-05-08 09:41:02,6125.2,678,6125.0,1,6126.2,1,6125.32,1
2023-05-08 09:41:03,6125.2,678,6125.0,1,6126.8,1,6125.24,1
2023-05-08 09:41:03,6125.2,678,6125.0,1,6126.6,1,6125.139999999999,0
2023-05-08 09:41:04,6125.2,678,6125.0,1,6126.6,1,6125.02,0
2023-05-08 09:41:05,6125.2,678,6125.0,1,6126.6,1,6124.9800000000005,0
2023-05-08 09:41:05,6124.2,680,6124.0,3,6124.2,1,6125.039999999999,1
2023-05-08 09:41:06,6124.2,681,6126.4,1,6126.8,1,6125.1,1
2023-05-08 09:41:06,6126.4,683,6124.2,2,6126.4,2,6124.9400000000005,0
2023-05-08 09:41:07,6126.4,683,6124.6,1,6126.2,1,6124.78,0
2023-05-08 09:41:07,6126.4,683,6124.8,1,6126.4,2,6124.62,0
2023-05-08 09:41:08,6124.8,684,6124.4,2,6126.0,1,6124.66,0
2023-05-08 09:41:08,6124.4,686,6124.2,1,6125.6,1,6124.74,1
2023-05-08 09:41:09,6124.2,687,6124.0,3,6125.4,3,6124.84,1
2023-05-08 09:41:09,6124.0,690,6123.4,1,6125.0,1,6124.960000000001,1
2023-05-08 09:41:10,6124.8,691,6123.0,2,6124.8,2,6125.0,1
2023-05-08 09:41:10,6124.8,691,6123.0,2,6124.6,3,6125.039999999999,1
2023-05-08 09:41:11,6124.8,691,6123.0,2,6124.6,2,6124.9800000000005,1
2023-05-08 09:41:11,6124.8,691,6123.2,2,6124.6,1,6124.92,1
2023-05-08 09:41:12,6124.8,691,6123.2,2,6124.8,2,6124.86,1
2023-05-08 09:41:13,6124.8,691,6123.6,1,6124.8,1,6124.8,0
2023-05-08 09:41:13,6125.2,693,6123.8,1,6125.4,1,6124.74,0
2023-05-08 09:41:14,6125.2,693,6123.8,1,6125.2,2,6124.679999999999,0
2023-05-08 09:41:14,6125.2,693,6123.8,1,6125.2,1,6124.62,0
2023-05-08 09:41:15,6125.2,693,6124.2,1,6126.4,2,6124.56,0
2023-05-08 09:41:16,6125.2,693,6124.2,1,6126.0,1,6124.5,0
2023-05-08 09:41:16,6125.2,693,6124.2,1,6126.0,1,6124.4400000000005,0
2023-05-08 09:41:20,6124.2,694,6123.8,1,6125.6,1,6124.4800000000005,1
2023-05-08 09:41:21,6124.2,694,6123.8,1,6125.0,1,6124.52,1
2023-05-08 09:41:21,6124.2,694,6123.2,1,6125.0,1,6124.42,1
2023-05-08 09:41:22,6124.2,694,6124.6,1,6124.8,1,6124.32,1
2023-05-08 09:41:22,6124.6,695,6123.4,1,6125.0,1,6124.280000000001,0
2023-05-08 09:41:23,6124.6,696,6123.4,1,6125.0,1,6124.24,0
2023-05-08 09:41:23,6124.6,696,6123.4,1,6125.0,1,6124.200000000001,0
2023-05-08 09:41:24,6124.6,696,6123.0,2,6124.8,1,6124.16,0
2023-05-08 09:41:24,6124.6,696,6123.0,2,6124.2,3,6124.12,0
2023-05-08 09:41:25,6124.6,696,6123.0,2,6124.2,3,6124.08,0
2023-05-08 09:41:25,6124.6,696,6123.0,2,6124.2,3,6124.039999999999,0
2023-05-08 09:41:26,6124.6,696,6123.2,1,6124.2,3,6124.0,0
2023-05-08 09:41:26,6123.2,698,6123.0,2,6124.2,2,6124.2,1
2023-05-08 09:41:27,6123.2,698,6123.4,1,6124.2,2,6124.4,1
2023-05-08 09:41:27,6124.2,700,6123.6,2,6125.6,1,6124.5,1
2023-05-08 09:41:28,6124.2,700,6124.0,1,6125.6,1,6124.6,1
2023-05-08 09:41:28,6124.2,700,6124.0,1,6125.6,1,6124.699999999999,1
2023-05-08 09:41:29,6124.2,700,6124.0,1,6125.4,2,6124.8,1
2023-05-08 09:41:29,6124.2,700,6123.6,1,6125.4,2,6124.9,1
2023-05-08 09:41:30,6124.2,700,6123.4,1,6125.4,2,6125.0,1
2023-05-08 09:41:30,6124.2,700,6123.6,1,6125.4,2,6125.1,1
2023-05-08 09:41:31,6124.2,700,6123.6,1,6125.2,1,6125.2,1
2023-05-08 09:41:31,6125.2,701,6123.4,1,6125.4,2,6125.2,0
2023-05-08 09:41:32,6125.2,701,6123.6,2,6125.4,2,6125.2,0
2023-05-08 09:41:33,6125.2,701,6123.6,2,6125.4,2,6125.199999999999,0
2023-05-08 09:41:34,6125.2,701,6123.6,1,6125.2,2,6125.2,0
2023-05-08 09:41:34,6125.2,701,6123.8,1,6125.2,1,6125.2,0
2023-05-08 09:41:35,6125.2,701,6123.0,2,6125.0,2,6125.2,0
2023-05-08 09:41:35,6125.2,701,6123.4,1,6125.0,2,6125.2,0
2023-05-08 09:41:36,6125.2,701,6123.4,1,6125.0,1,6125.2,0
2023-05-08 09:41:36,6125.2,701,6123.8,1,6124.8,1,6125.2,0
2023-05-08 09:41:37,6125.2,701,6123.0,2,6125.4,2,6125.2,0
2023-05-08 09:41:37,6125.2,701,6123.6,1,6125.4,2,6125.199999999999,0
2023-05-08 09:41:38,6125.2,701,6124.0,1,6125.4,2,6125.2,0
2023-05-08 09:41:39,6125.2,701,6124.0,1,6125.4,2,6125.2,0
2023-05-08 09:41:39,6125.2,701,6124.0,1,6125.4,2,6125.16,0
2023-05-08 09:41:40,6125.2,701,6124.0,1,6125.4,1,6125.16,0
2023-05-08 09:41:40,6125.2,701,6124.2,2,6125.8,2,6125.159999999999,0
2023-05-08 09:41:41,6125.2,701,6124.6,1,6125.8,2,6125.2,0
2023-05-08 09:41:41,6125.2,701,6124.6,1,6125.8,2,6125.24,1
2023-05-08 09:41:42,6125.2,701,6124.6,1,6125.6,2,6125.28,1
2023-05-08 09:41:42,6125.2,701,6124.2,1,6125.4,1,6125.32,1
2023-05-08 09:41:43,6125.2,701,6124.0,1,6125.2,1,6125.360000000001,1
2023-05-08 09:41:44,6125.2,701,6124.0,1,6125.0,1,6125.4,1
2023-05-08 09:41:44,6125.2,701,6124.0,1,6124.8,1,6125.54,1
2023-05-08 09:41:45,6124.8,702,6124.4,1,6125.0,1,6125.74,1
2023-05-08 09:41:46,6125.2,704,6124.4,1,6125.6,2,6125.9,1
2023-05-08 09:41:46,6125.2,704,6125.0,1,6125.6,1,6126.06,1
2023-05-08 09:41:47,6125.6,705,6125.2,1,6126.4,1,6126.18,1
2023-05-08 09:41:47,6125.6,705,6125.4,1,6126.2,1,6126.42,1
2023-05-08 09:41:48,6125.6,705,6125.4,1,6126.6,1,6126.660000000001,1
2023-05-08 09:41:48,6125.6,705,6125.0,2,6126.6,1,6126.9,1
2023-05-08 09:41:49,6125.6,705,6125.2,1,6126.6,1,6127.14,1
2023-05-08 09:41:49,6125.6,705,6125.4,2,6126.6,1,6127.38,1
2023-05-08 09:41:51,6126.6,706,6125.6,1,6126.8,1,6127.52,1
2023-05-08 09:41:52,6126.8,707,6126.0,1,6127.8,1,6127.7,1
2023-05-08 09:41:52,6126.8,707,6126.8,1,6128.0,1,6127.9,1
2023-05-08 09:41:53,6126.8,707,6126.8,1,6127.8,1,6128.1,1
2023-05-08 09:41:53,6126.8,707,6127.0,1,6127.8,1,6128.3,1
2023-05-08 09:41:54,6128.0,708,6127.0,1,6129.0,1,6128.38,1
2023-05-08 09:41:54,6128.0,708,6127.2,1,6128.2,1,6128.46,1
2023-05-08 09:41:55,6128.0,708,6127.0,2,6128.2,1,6128.54,1
2023-05-08 09:41:57,6128.0,708,6127.2,1,6128.8,1,6128.62,1
2023-05-08 09:41:57,6128.0,708,6127.6,1,6128.8,1,6128.7,1
2023-05-08 09:41:58,6128.0,708,6127.6,1,6128.8,1,6128.780000000001,1
2023-05-08 09:41:58,6128.6,709,6127.6,1,6128.8,1,6128.8,1
2023-05-08 09:41:59,6128.8,710,6127.6,1,6129.0,1,6128.82,1
2023-05-08 09:42:00,6128.8,710,6127.6,1,6128.2,1,6128.84,1
2023-05-08 09:42:00,6128.8,710,6127.6,1,6129.0,1,6128.86,1
2023-05-08 09:42:01,6128.8,710,6127.6,1,6129.0,1,6128.88,1
2023-05-08 09:42:04,6128.8,710,6127.6,1,6129.0,2,6128.9,1
2023-05-08 09:42:04,6128.8,710,6127.8,1,6129.0,2,6128.92,1
2023-05-08 09:42:05,6128.8,710,6127.6,1,6129.0,2,6128.9400000000005,1
2023-05-08 09:42:05,6128.8,710,6127.8,1,6129.0,2,6128.96,1
2023-05-08 09:42:06,6128.8,710,6128.0,1,6129.0,2,6128.98,1
2023-05-08 09:42:06,6128.8,710,6128.0,1,6129.0,2,6129.0,1
2023-05-08 09:42:07,6129.0,711,6127.8,1,6129.0,1,6129.0,0
2023-05-08 09:42:07,6129.0,712,6128.2,1,6130.0,1,6129.0,0
2023-05-08 09:42:08,6129.0,712,6128.4,1,6130.0,1,6129.0,0
2023-05-08 09:42:08,6129.0,712,6128.4,1,6130.0,1,6128.9,0
2023-05-08 09:42:09,6129.0,712,6128.4,1,6129.8,1,6128.8,0
2023-05-08 09:42:09,6129.0,712,6128.6,1,6130.0,1,6128.7,0
2023-05-08 09:42:10,6129.0,712,6128.2,1,6130.0,1,6128.6,0
2023-05-08 09:42:11,6129.0,712,6128.0,2,6129.6,1,6128.5,0
2023-05-08 09:42:11,6129.0,712,6128.2,1,6129.8,1,6128.4,0
2023-05-08 09:42:12,6129.0,712,6128.0,2,6129.4,1,6128.3,0
2023-05-08 09:42:12,6129.0,712,6128.0,2,6129.8,1,6128.2,0
2023-05-08 09:42:13,6129.0,712,6128.2,1,6129.4,1,6128.1,0
2023-05-08 09:42:13,6129.0,712,6128.0,2,6129.4,1,6127.9,0
2023-05-08 09:42:14,6128.0,713,6127.2,1,6129.2,1,6127.8,0
2023-05-08 09:42:14,6128.0,713,6127.0,1,6128.8,1,6127.7,0
2023-05-08 09:42:15,6128.0,713,6127.0,1,6128.2,1,6127.6,0
2023-05-08 09:42:15,6128.0,713,6127.0,1,6128.0,1,6127.5,0
2023-05-08 09:42:16,6128.0,713,6127.0,1,6129.0,1,6127.4,0
2023-05-08 09:42:16,6128.0,713,6127.2,2,6129.2,1,6127.3,0
2023-05-08 09:42:17,6128.0,713,6127.4,1,6129.0,1,6127.2,0
2023-05-08 09:42:17,6128.0,713,6127.4,1,6128.8,1,6127.14,0
2023-05-08 09:42:18,6128.0,713,6127.0,1,6128.2,1,6127.08,0
2023-05-08 09:42:18,6127.0,714,6126.2,2,6128.0,1,6127.12,1
2023-05-08 09:42:19,6127.0,714,6126.2,3,6128.0,1,6127.16,1
2023-05-08 09:42:19,6127.0,714,6126.4,1,6128.0,1,6127.2,1
2023-05-08 09:42:20,6127.0,714,6126.4,1,6128.0,1,6127.24,1
2023-05-08 09:42:22,6127.0,714,6126.2,3,6127.8,2,6127.280000000001,1
2023-05-08 09:42:22,6127.0,714,6126.2,2,6127.4,1,6127.32,1
2023-05-08 09:42:23,6127.0,714,6125.8,1,6126.6,1,6127.36,1
2023-05-08 09:42:23,6127.0,714,6125.4,1,6126.6,1,6127.2,1
2023-05-08 09:42:24,6127.4,715,6124.6,1,6127.6,1,6127.0,0
2023-05-08 09:42:24,6127.4,715,6125.0,2,6127.2,1,6126.799999999999,0
2023-05-08 09:42:25,6127.4,715,6125.2,1,6127.2,1,6126.599999999999,0
2023-05-08 09:42:25,6127.4,715,6125.6,1,6127.0,1,6126.4,0
2023-05-08 09:42:26,6127.4,715,6125.0,1,6126.8,2,6126.2,0
2023-05-08 09:42:26,6127.4,715,6124.8,4,6126.8,2,6125.999999999999,0
2023-05-08 09:42:27,6127.4,715,6125.0,3,6126.8,1,6125.799999999999,0
2023-05-08 09:42:27,6127.4,715,6125.2,3,6127.4,1,6125.6,0
2023-05-08 09:42:28,6127.4,715,6125.4,1,6127.2,2,6125.4,0
2023-05-08 09:42:28,6125.4,716,6125.2,2,6127.2,1,6125.4,0
2023-05-08 09:42:29,6125.4,716,6125.2,1,6127.0,2,6125.4,0
2023-05-08 09:42:29,6125.4,716,6125.2,1,6126.6,1,6125.4,0
2023-05-08 09:42:30,6125.4,716,6124.8,3,6126.6,1,6125.4,0
2023-05-08 09:42:30,6125.4,716,6125.2,1,6126.8,1,6125.4,0
2023-05-08 09:42:31,6125.4,716,6125.2,1,6127.4,1,6125.4,0
2023-05-08 09:42:32,6125.4,716,6125.4,3,6128.2,1,6125.4,0
2023-05-08 09:42:32,6125.4,716,6125.8,1,6127.8,2,6125.4,0
2023-05-08 09:42:33,6125.4,717,6125.4,1,6127.8,2,6125.4,0
2023-05-08 09:42:33,6125.4,717,6125.4,1,6127.6,2,6125.4,0
2023-05-08 09:42:34,6125.4,717,6125.4,1,6127.0,1,6125.4,0
2023-05-08 09:42:34,6125.4,717,6125.4,1,6127.0,1,6125.46,1
2023-05-08 09:42:35,6125.4,717,6125.4,1,6126.8,1,6125.52,1
2023-05-08 09:42:36,6125.4,717,6125.6,1,6126.8,1,6125.58,1
2023-05-08 09:42:37,6125.4,717,6125.8,2,6127.0,1,6125.64,1
2023-05-08 09:42:37,6125.4,717,6126.0,1,6128.2,1,6125.7,1
2023-05-08 09:42:38,6125.4,717,6126.4,1,6128.2,1,6125.76,1
2023-05-08 09:42:38,6125.4,717,6126.6,2,6128.2,1,6125.82,1
2023-05-08 09:42:39,6125.4,717,6126.8,1,6128.2,1,6125.88,1
2023-05-08 09:42:39,6125.4,717,6126.0,2,6128.0,2,6125.92,1
2023-05-08 09:42:40,6125.4,717,6126.2,1,6128.0,2,6125.96,1
2023-05-08 09:42:40,6126.0,719,6125.8,3,6127.8,2,6125.9400000000005,0
2023-05-08 09:42:41,6126.0,719,6125.8,3,6127.4,1,6126.04,1
2023-05-08 09:42:41,6126.0,719,6125.8,2,6126.8,1,6126.14,1
2023-05-08 09:42:42,6126.0,719,6125.8,2,6127.0,2,6126.24,1
2023-05-08 09:42:43,6126.0,719,6125.8,2,6126.8,1,6126.34,1
2023-05-08 09:42:43,6126.0,719,6125.6,1,6126.8,1,6126.4400000000005,1
2023-05-08 09:42:44,6126.0,719,6124.2,1,6125.8,2,6126.54,1
2023-05-08 09:42:44,6126.0,719,6125.0,2,6125.8,2,6126.64,1
2023-05-08 09:42:45,6125.8,720,6125.0,2,6125.8,1,6126.76,1
2023-05-08 09:42:46,6125.8,721,6125.2,1,6126.8,1,6126.88,1
2023-05-08 09:42:46,6125.8,721,6125.4,1,6127.0,2,6127.0,1
2023-05-08 09:42:47,6127.0,723,6126.0,1,6128.2,1,6127.0,0
2023-05-08 09:42:47,6127.0,723,6126.2,4,6128.0,1,6127.0,0
2023-05-08 09:42:48,6127.0,723,6126.8,1,6128.0,1,6127.0,0
2023-05-08 09:42:48,6127.0,723,6127.0,2,6128.0,1,6127.0,0
2023-05-08 09:42:49,6127.0,723,6127.0,2,6128.8,1,6127.0,0
2023-05-08 09:42:49,6127.0,723,6127.0,2,6128.4,1,6127.0,0
2023-05-08 09:42:50,6127.0,724,6127.0,1,6128.2,2,6127.0,0
2023-05-08 09:42:50,6127.0,725,6126.2,1,6127.4,1,6127.0,0
2023-05-08 09:42:51,6127.0,725,6126.4,1,6127.2,2,6127.06,1
2023-05-08 09:42:51,6127.0,725,6125.8,1,6127.2,2,6127.12,1
2023-05-08 09:42:52,6127.0,725,6126.0,1,6127.0,1,6127.179999999999,1
2023-05-08 09:42:52,6127.0,725,6127.0,1,6128.2,1,6127.24,1
2023-05-08 09:42:53,6127.0,725,6127.0,1,6128.0,1,6127.3,1
2023-05-08 09:42:54,6127.0,725,6127.2,1,6128.0,1,6127.54,1
2023-05-08 09:42:54,6127.0,725,6127.4,1,6128.8,1,6127.66,1
2023-05-08 09:42:55,6127.0,725,6127.4,1,6129.6,1,6127.78,1
2023-05-08 09:42:55,6127.0,725,6127.6,3,6129.2,1,6127.9,1
2023-05-08 09:42:56,6127.0,728,6127.0,2,6127.6,2,6128.1,1
2023-05-08 09:42:56,6127.6,730,6127.8,2,6129.2,1,6128.34,1
2023-05-08 09:42:57,6127.6,730,6127.8,3,6129.6,1,6128.58,1
2023-05-08 09:42:57,6127.6,730,6128.0,1,6129.4,1,6128.74,1
2023-05-08 09:42:58,6127.6,730,6128.2,1,6129.4,1,6128.9,1
2023-05-08 09:42:58,6127.6,730,6128.2,1,6129.4,1,6129.02,1
2023-05-08 09:42:59,6129.4,731,6128.2,1,6129.6,1,6128.92,0
2023-05-08 09:43:00,6128.2,733,6128.0,1,6130.0,1,6128.9400000000005,1
2023-05-08 09:43:00,6128.2,733,6128.2,2,6130.0,1,6128.96,1
2023-05-08 09:43:01,6128.2,733,6128.4,2,6129.0,1,6128.98,1
2023-05-08 09:43:01,6129.0,734,6129.2,1,6130.0,1,6128.92,0
2023-05-08 09:43:02,6130.0,735,6129.4,1,6130.8,1,6128.76,0
2023-05-08 09:43:02,6130.0,735,6129.6,1,6130.8,1,6128.599999999999,0
2023-05-08 09:43:03,6129.2,742,6128.6,1,6131.2,9,6128.52,0
2023-05-08 09:43:03,6129.2,742,6128.8,1,6130.6,1,6128.4400000000005,0
2023-05-08 09:43:04,6128.8,744,6128.4,2,6130.2,2,6128.4,0
2023-05-08 09:43:04,6128.4,745,6126.4,1,6130.0,1,6128.52,1
2023-05-08 09:43:05,6128.4,745,6127.2,1,6129.4,1,6128.639999999999,1
2023-05-08 09:43:05,6128.4,745,6127.4,1,6129.0,1,6128.76,1
2023-05-08 09:43:06,6128.4,745,6127.6,1,6129.0,1,6128.88,1
2023-05-08 09:43:06,6128.4,745,6127.8,2,6130.0,1,6129.0,1
2023-05-08 09:43:07,6128.4,745,6128.0,1,6129.8,1,6129.12,1
2023-05-08 09:43:07,6128.4,745,6128.0,1,6129.8,1,6129.2,1
2023-05-08 09:43:08,6128.4,745,6127.8,4,6129.8,1,6129.280000000001,1
2023-05-08 09:43:08,6128.4,745,6127.8,4,6129.8,1,6129.42,1
2023-05-08 09:43:09,6128.4,745,6127.8,4,6129.8,1,6129.56,1
2023-05-08 09:43:09,6129.6,746,6127.8,4,6129.8,1,6129.58,0
2023-05-08 09:43:10,6129.6,746,6128.0,2,6129.8,1,6129.6,0
2023-05-08 09:43:10,6129.6,746,6128.0,1,6129.8,1,6129.68,1
2023-05-08 09:43:11,6129.6,746,6127.8,4,6129.6,1,6129.76,1
2023-05-08 09:43:11,6129.6,746,6127.8,4,6129.2,1,6129.84,1
2023-05-08 09:43:12,6129.6,746,6128.0,1,6129.2,1,6129.92,1
2023-05-08 09:43:14,6129.2,747,6128.0,1,6130.0,2,6130.04,1
2023-05-08 09:43:14,6129.2,747,6128.0,1,6129.8,1,6130.16,1
2023-05-08 09:43:16,6129.8,748,6128.0,1,6130.0,2,6130.22,1
2023-05-08 09:43:16,6129.8,748,6128.4,1,6130.0,1,6130.28,1
2023-05-08 09:43:17,6129.8,748,6128.6,1,6130.0,1,6130.339999999999,1
2023-05-08 09:43:17,6129.8,748,6129.0,1,6130.0,1,6130.36,1
2023-05-08 09:43:18,6130.4,750,6130.0,1,6131.2,9,6130.32,0
2023-05-08 09:43:18,6130.4,750,6130.2,2,6131.2,9,6130.28,0
2023-05-08 09:43:19,6130.4,750,6130.2,2,6131.2,9,6130.24,0
2023-05-08 09:43:19,6130.4,750,6130.2,2,6131.2,9,6130.2,0
2023-05-08 09:43:20,6130.4,750,6130.2,2,6131.2,9,6130.08,0
2023-05-08 09:43:20,6130.4,750,6130.2,2,6131.2,9,6129.96,0
2023-05-08 09:43:21,6130.4,750,6130.2,1,6131.2,9,6129.839999999999,0
2023-05-08 09:43:21,6130.4,750,6130.0,4,6131.2,9,6129.72,0
2023-05-08 09:43:22,6130.4,750,6130.0,4,6131.0,1,6129.6,0
2023-05-08 09:43:22,6130.0,753,6129.2,1,6130.8,1,6129.52,0
2023-05-08 09:43:23,6130.0,753,6128.2,1,6130.6,3,6129.32,0
2023-05-08 09:43:23,6130.0,753,6129.0,1,6130.6,3,6129.06,0
2023-05-08 09:43:24,6130.0,753,6129.2,1,6130.6,2,6128.8,0
2023-05-08 09:43:24,6130.0,753,6129.2,1,6130.6,2,6128.56,0
2023-05-08 09:43:27,6129.2,754,6128.6,1,6130.4,1,6128.4,0
2023-05-08 09:43:28,6129.2,754,6128.4,3,6130.0,1,6128.24,0
2023-05-08 09:43:28,6129.2,754,6128.4,2,6130.0,1,6128.08,0
2023-05-08 09:43:29,6129.2,754,6128.4,2,6129.8,1,6127.92,0
2023-05-08 09:43:29,6129.2,754,6128.0,1,6129.8,1,6127.76,0
2023-05-08 09:43:30,6129.2,754,6128.0,1,6129.6,2,6127.6,0
2023-05-08 09:43:30,6128.0,755,6127.6,1,6129.6,2,6127.56,0
2023-05-08 09:43:31,6127.4,756,6126.6,1,6127.6,1,6127.58,1
2023-05-08 09:43:31,6127.4,756,6127.0,1,6127.6,1,6127.6,1
2023-05-08 09:43:32,6127.6,757,6127.0,1,6129.6,2,6127.700000000001,1
2023-05-08 09:43:32,6127.6,757,6127.2,1,6129.0,1,6127.800000000001,1
2023-05-08 09:43:33,6127.6,757,6127.2,1,6128.8,1,6127.9,1
2023-05-08 09:43:33,6127.6,757,6127.4,1,6128.8,1,6127.9800000000005,1
2023-05-08 09:43:34,6127.6,757,6127.6,1,6128.8,1,6128.04,1
2023-05-08 09:43:34,6127.6,757,6127.6,1,6128.6,1,6128.140000000001,1
2023-05-08 09:43:35,6127.6,757,6126.6,1,6128.6,1,6128.24,1
2023-05-08 09:43:35,6127.6,757,6126.8,4,6128.6,1,6128.34,1
2023-05-08 09:43:37,6127.6,757,6127.2,2,6128.2,1,6128.4400000000005,1
2023-05-08 09:43:38,6127.6,757,6128.6,1,6128.8,1,6128.540000000001,1
2023-05-08 09:43:38,6128.6,758,6127.0,5,6128.6,1,6128.54,0
2023-05-08 09:43:39,6128.6,758,6127.8,1,6129.0,1,6128.6,0
2023-05-08 09:43:39,6128.6,758,6128.0,1,6128.4,1,6128.660000000001,1
2023-05-08 09:43:40,6128.4,759,6128.6,1,6129.6,1,6128.74,1
2023-05-08 09:43:40,6128.2,761,6128.0,2,6128.6,1,6128.84,1
2023-05-08 09:43:41,6128.6,762,6128.0,2,6129.6,1,6128.9800000000005,1
2023-05-08 09:43:41,6128.6,762,6128.0,3,6129.6,1,6129.12,1
2023-05-08 09:43:42,6128.6,762,6128.0,3,6129.8,1,6129.26,1
2023-05-08 09:43:42,6128.6,762,6128.4,4,6130.8,1,6129.4,1
2023-05-08 09:43:43,6128.6,762,6128.4,6,6130.2,1,6129.539999999999,1
2023-05-08 09:43:43,6128.6,762,6128.4,6,6129.2,1,6129.679999999999,1
2023-05-08 09:43:44,6129.2,763,6128.4,6,6130.2,1,6129.76,1
2023-05-08 09:43:45,6129.2,763,6128.6,1,6130.2,1,6129.839999999999,1
2023-05-08 09:43:46,6129.2,763,6128.8,2,6130.2,1,6129.92,1
2023-05-08 09:43:47,6129.2,763,6128.8,2,6130.0,1,6130.0,1
2023-05-08 09:43:47,6130.0,764,6129.4,3,6130.8,1,6130.0,0
2023-05-08 09:43:48,6130.0,764,6129.0,2,6130.8,1,6130.0,0
2023-05-08 09:43:48,6130.0,764,6128.8,2,6130.4,2,6129.88,0
2023-05-08 09:43:49,6130.0,764,6129.0,1,6130.4,2,6129.76,0
2023-05-08 09:43:49,6130.0,764,6128.6,1,6130.4,2,6129.64,0
2023-05-08 09:43:50,6130.0,764,6129.0,1,6130.2,1,6129.52,0
2023-05-08 09:43:50,6130.0,764,6128.8,5,6130.4,1,6129.4,0
2023-05-08 09:43:51,6130.0,764,6129.0,2,6130.4,1,6129.280000000001,0
2023-05-08 09:43:51,6130.0,764,6129.0,1,6130.6,1,6129.160000000001,0
2023-05-08 09:43:52,6130.0,764,6129.0,1,6130.6,2,6129.04,0
2023-05-08 09:43:52,6130.0,764,6129.0,1,6130.4,3,6128.860000000001,0
2023-05-08 09:43:53,6130.0,764,6129.0,1,6130.2,1,6128.72,0
2023-05-08 09:43:54,6128.8,766,6128.8,2,6130.2,1,6128.7,0
2023-05-08 09:43:54,6128.8,766,6128.8,2,6130.2,1,6128.679999999999,0
2023-05-08 09:43:55,6128.8,766,6128.8,2,6129.8,1,6128.660000000001,0
2023-05-08 09:43:56,6128.8,766,6128.8,2,6129.8,1,6128.64,0
2023-05-08 09:43:57,6128.8,766,6128.8,2,6130.0,2,6128.620000000001,0
2023-05-08 09:43:58,6128.8,768,6128.0,1,6129.8,1,6128.4400000000005,0
2023-05-08 09:43:59,6128.8,768,6128.0,1,6129.6,2,6128.24,0
2023-05-08 09:43:59,6128.8,768,6128.2,1,6129.6,2,6128.04,0
2023-05-08 09:44:00,6128.2,769,6127.8,2,6128.8,1,6127.9,0
2023-05-08 09:44:00,6128.6,772,6127.0,1,6128.6,1,6127.72,0
2023-05-08 09:44:01,6128.6,772,6127.0,1,6128.4,1,6127.54,0
2023-05-08 09:44:01,6128.6,772,6127.0,1,6128.2,1,6127.360000000001,0
2023-05-08 09:44:02,6128.6,772,6127.2,1,6128.2,1,6127.18,0
2023-05-08 09:44:02,6128.6,772,6127.2,1,6128.0,20,6127.0,0
2023-05-08 09:44:03,6128.6,772,6127.0,1,6128.0,20,6126.72,0
2023-05-08 09:44:03,6127.0,773,6126.8,2,6128.0,20,6126.6,0
2023-05-08 09:44:04,6126.8,774,6126.8,1,6127.8,1,6126.5,0
2023-05-08 09:44:04,6126.8,775,6124.2,1,6127.6,1,6126.400000000001,0
2023-05-08 09:44:05,6126.8,775,6125.8,2,6127.4,1,6126.3,0
2023-05-08 09:44:05,6126.8,775,6126.0,1,6127.6,1,6126.08,0
2023-05-08 09:44:06,6126.8,775,6126.0,1,6127.4,1,6125.860000000001,0
2023-05-08 09:44:06,6126.8,775,6126.0,1,6127.2,1,6125.58,0
2023-05-08 09:44:07,6126.8,775,6125.8,4,6127.2,1,6125.3,0
2023-05-08 09:44:07,6126.8,775,6125.8,2,6127.2,1,6125.02,0
2023-05-08 09:44:08,6125.8,777,6125.4,1,6127.0,1,6124.84,0
2023-05-08 09:44:08,6125.8,777,6124.4,1,6126.0,1,6124.7,0
2023-05-08 09:44:09,6125.8,777,6124.6,4,6125.8,1,6124.56,0
2023-05-08 09:44:09,6125.8,777,6124.6,3,6125.4,1,6124.42,0
2023-05-08 09:44:10,6125.8,777,6124.6,2,6125.4,1,6124.280000000001,0
2023-05-08 09:44:10,6124.6,779,6124.0,2,6124.4,2,6124.259999999999,0
2023-05-08 09:44:11,6124.6,779,6124.0,2,6124.4,2,6124.24,0
2023-05-08 09:44:11,6124.0,780,6124.0,1,6124.4,2,6124.28,1
2023-05-08 09:44:12,6124.0,781,6123.2,1,6124.4,2,6124.32,1
2023-05-08 09:44:12,6124.0,781,6123.8,1,6124.4,2,6124.359999999999,1
2023-05-08 09:44:13,6124.0,781,6124.0,1,6124.4,2,6124.4,1
2023-05-08 09:44:14,6124.4,783,6124.2,1,6125.4,1,6124.4,0
2023-05-08 09:44:14,6124.4,783,6124.4,1,6125.4,1,6124.4,0
2023-05-08 09:44:15,6124.4,783,6124.6,1,6125.6,1,6124.4,0
2023-05-08 09:44:15,6124.4,783,6125.0,1,6126.6,1,6124.4,0
2023-05-08 09:44:16,6124.4,783,6124.6,1,6126.2,1,6124.4,0
2023-05-08 09:44:16,6124.4,783,6124.8,1,6126.0,1,6124.4,0
2023-05-08 09:44:17,6124.4,783,6124.6,1,6125.6,1,6124.4,0
2023-05-08 09:44:18,6124.4,783,6124.2,1,6125.6,1,6124.4,0
2023-05-08 09:44:18,6124.4,783,6124.4,2,6126.0,1,6124.4,0
2023-05-08 09:44:19,6124.4,783,6124.4,2,6126.0,1,6124.379999999999,0
2023-05-08 09:44:19,6124.4,783,6124.4,2,6126.0,1,6124.339999999999,0
2023-05-08 09:44:21,6124.4,783,6124.4,2,6125.6,1,6124.299999999999,0
2023-05-08 09:44:21,6124.4,783,6124.4,1,6125.6,1,6124.259999999999,0
2023-05-08 09:44:22,6124.4,783,6124.2,1,6125.6,1,6124.219999999999,0
2023-05-08 09:44:23,6124.4,783,6124.2,1,6125.4,1,6124.219999999999,0
2023-05-08 09:44:24,6124.4,783,6124.2,1,6125.4,1,6124.219999999999,0
2023-05-08 09:44:24,6124.4,783,6124.2,1,6125.6,1,6124.22,0
2023-05-08 09:44:25,6124.4,783,6124.4,1,6125.6,1,6124.14,0
2023-05-08 09:44:25,6124.4,783,6124.4,1,6125.6,1,6124.06,0
2023-05-08 09:44:27,6124.2,785,6124.0,2,6124.2,3,6124.0,0
2023-05-08 09:44:27,6124.0,789,6123.4,1,6124.4,1,6123.960000000001,0
2023-05-08 09:44:28,6124.0,789,6123.6,2,6124.4,1,6123.92,0
2023-05-08 09:44:29,6124.0,789,6123.6,2,6124.4,1,6123.88,0
2023-05-08 09:44:31,6124.0,789,6123.8,1,6124.4,1,6123.84,0
2023-05-08 09:44:32,6124.4,790,6123.6,2,6125.4,1,6123.76,0
2023-05-08 09:44:33,6124.4,790,6123.6,1,6125.2,2,6123.68,0
2023-05-08 09:44:34,6124.4,790,6123.4,1,6123.6,3,6123.6,0
2023-05-08 09:44:34,6123.6,793,6123.6,3,6125.0,1,6123.6,0
2023-05-08 09:44:35,6123.6,793,6123.8,1,6125.0,1,6123.6,0
2023-05-08 09:44:35,6123.6,793,6123.8,1,6125.2,1,6123.6,0
2023-05-08 09:44:36,6123.6,793,6123.8,1,6125.4,1,6123.6,0
2023-05-08 09:44:36,6123.6,793,6124.0,1,6125.4,1,6123.6,0
2023-05-08 09:44:37,6123.6,793,6124.2,1,6125.4,1,6123.6,0
2023-05-08 09:44:37,6123.6,793,6124.0,1,6125.2,1,6123.6,0
2023-05-08 09:44:38,6123.6,793,6123.2,1,6125.2,1,6123.6,0
2023-05-08 09:44:38,6123.6,793,6123.2,1,6125.0,1,6123.6,0
2023-05-08 09:44:39,6123.6,793,6123.4,1,6125.0,1,6123.6,0
2023-05-08 09:44:39,6123.6,793,6123.6,1,6124.8,1,6123.6,0
2023-05-08 09:44:40,6123.6,793,6123.6,1,6125.0,1,6123.6,0
2023-05-08 09:44:40,6123.6,793,6123.6,1,6125.2,1,6123.6,0
2023-05-08 09:44:41,6123.6,793,6123.8,1,6125.2,1,6123.6,0
2023-05-08 09:44:41,6123.6,793,6123.8,1,6125.4,1,6123.6,0
2023-05-08 09:44:44,6123.6,793,6123.8,1,6125.2,1,6123.66,1
2023-05-08 09:44:45,6123.6,793,6123.6,1,6125.0,1,6123.660000000001,1
2023-05-08 09:44:45,6123.6,793,6123.4,1,6124.4,1,6123.660000000001,1
2023-05-08 09:44:46,6123.6,793,6123.0,2,6125.0,1,6123.660000000001,1
2023-05-08 09:44:46,6123.6,793,6123.4,1,6125.2,1,6123.66,1
2023-05-08 09:44:47,6123.6,793,6123.6,1,6125.2,1,6123.660000000001,1
2023-05-08 09:44:47,6123.6,793,6123.4,1,6125.2,1,6123.660000000001,1
2023-05-08 09:44:48,6123.6,793,6123.2,3,6124.8,1,6123.660000000001,1
2023-05-08 09:44:48,6123.6,793,6123.0,2,6124.6,2,6123.66,1
2023-05-08 09:44:49,6123.6,793,6123.0,2,6123.8,1,6123.660000000001,1
2023-05-08 09:44:49,6124.2,797,6122.6,1,6123.6,3,6123.6,0
2023-05-08 09:44:50,6123.6,800,6123.2,1,6124.6,1,6123.6,0
2023-05-08 09:44:50,6123.6,800,6123.6,1,6125.0,1,6123.6,0
2023-05-08 09:44:51,6123.6,800,6123.8,1,6125.2,1,6123.6,0
2023-05-08 09:44:51,6123.6,800,6123.8,1,6125.4,1,6123.6,0
2023-05-08 09:44:52,6123.6,800,6124.0,1,6125.2,2,6123.6,0
2023-05-08 09:44:52,6123.6,800,6123.4,1,6125.2,1,6123.66,1
2023-05-08 09:44:53,6123.6,800,6123.6,1,6125.0,3,6123.64,1
2023-05-08 09:44:53,6123.6,800,6124.0,1,6125.0,1,6123.56,0
2023-05-08 09:44:54,6123.6,800,6123.8,1,6125.4,1,6123.48,0
2023-05-08 09:44:54,6123.6,800,6124.0,1,6125.2,1,6123.42,0
2023-05-08 09:44:55,6123.6,800,6124.2,1,6125.4,1,6123.22,0
2023-05-08 09:44:55,6123.6,800,6124.2,1,6125.6,1,6122.9,0
2023-05-08 09:44:56,6123.6,800,6124.2,1,6125.6,1,6122.58,0
2023-05-08 09:44:56,6123.6,800,6124.2,1,6125.6,1,6122.28,0
2023-05-08 09:44:57,6123.6,800,6124.2,1,6125.0,2,6121.9800000000005,0
2023-05-08 09:45:00,6124.2,801,6124.0,1,6124.8,2,6121.620000000001,0
2023-05-08 09:45:01,6123.4,804,6123.2,1,6124.0,1,6121.34,0
2023-05-08 09:45:01,6122.8,806,6122.0,1,6123.2,1,6121.12,0
2023-05-08 09:45:02,6122.8,806,6122.0,1,6123.2,1,6120.900000000001,0
2023-05-08 09:45:03,6123.0,807,6122.0,1,6123.2,1,6120.660000000001,0
2023-05-08 09:45:04,6121.6,809,6120.0,1,6123.0,1,6120.56,0
2023-05-08 09:45:04,6120.4,810,6120.2,5,6122.6,1,6120.52,1
2023-05-08 09:45:05,6120.4,810,6120.6,1,6122.2,2,6120.4800000000005,1
2023-05-08 09:45:05,6120.6,811,6120.2,4,6120.6,2,6120.42,0
2023-05-08 09:45:06,6120.6,813,6120.2,3,6122.0,1,6120.36,0
2023-05-08 09:45:06,6120.6,813,6120.2,3,6121.8,2,6120.3,0
2023-05-08 09:45:07,6120.6,813,6120.2,3,6121.6,1,6120.24,0
2023-05-08 09:45:07,6120.6,813,6120.2,1,6121.4,2,6120.18,0
2023-05-08 09:45:08,6120.6,813,6120.0,1,6121.2,1,6120.12,0
2023-05-08 09:45:08,6120.6,813,6120.0,1,6121.0,2,6120.06,0
2023-05-08 09:45:09,6120.6,813,6120.0,1,6120.8,1,6120.0,0
2023-05-08 09:45:09,6120.0,814,6118.8,1,6120.6,2,6120.0,0
2023-05-08 09:45:10,6120.0,814,6119.2,1,6120.4,2,6120.0,0
2023-05-08 09:45:10,6120.0,814,6119.2,1,6120.4,1,6120.0,0
2023-05-08 09:45:11,6120.0,814,6118.8,1,6120.4,1,6120.0,0
2023-05-08 09:45:12,6120.0,814,6119.4,1,6120.4,1,6120.0,0
2023-05-08 09:45:12,6120.0,814,6119.8,1,6121.0,1,6120.0,0
2023-05-08 09:45:13,6120.0,814,6119.4,1,6121.0,1,6120.0,0
2023-05-08 09:45:14,6120.0,814,6119.4,1,6120.8,1,6120.0,0
2023-05-08 09:45:14,6120.0,814,6119.0,1,6120.6,3,6120.0,0
2023-05-08 09:45:15,6120.0,814,6118.8,1,6120.4,1,6120.0,0
2023-05-08 09:45:15,6120.0,814,6118.8,1,6120.4,1,6120.0,0
2023-05-08 09:45:16,6120.0,814,6118.8,1,6120.2,1,6120.0,0
2023-05-08 09:45:16,6120.0,814,6119.0,2,6120.2,1,6120.0,0
2023-05-08 09:45:17,6120.0,814,6119.0,2,6120.4,1,6119.9800000000005,0
2023-05-08 09:45:17,6120.0,814,6119.0,2,6120.6,1,6119.96,0
2023-05-08 09:45:18,6120.0,814,6119.2,2,6121.0,1,6119.9400000000005,0
2023-05-08 09:45:18,6120.0,814,6119.8,1,6121.4,1,6119.92,0
2023-05-08 09:45:19,6120.0,814,6119.8,1,6121.2,1,6119.9,0
2023-05-08 09:45:19,6120.0,814,6119.8,1,6121.4,1,6119.88,0
2023-05-08 09:45:20,6120.0,814,6119.4,1,6121.2,1,6119.860000000001,0
2023-05-08 09:45:20,6120.0,814,6119.4,1,6121.0,2,6119.84,0
2023-05-08 09:45:21,6120.0,814,6119.4,1,6121.0,1,6119.820000000001,0
2023-05-08 09:45:22,6120.0,814,6119.2,1,6119.8,3,6119.8,0
2023-05-08 09:45:22,6119.8,817,6119.0,2,6120.8,1,6119.7,0
2023-05-08 09:45:24,6119.8,817,6119.0,2,6120.4,1,6119.6,0
2023-05-08 09:45:24,6119.8,817,6119.0,1,6120.8,1,6119.5,0
2023-05-08 09:45:25,6119.8,817,6119.0,1,6120.6,1,6119.4,0
2023-05-08 09:45:25,6119.8,817,6119.0,1,6120.4,1,6119.3,0
2023-05-08 09:45:26,6119.8,817,6119.0,1,6120.4,1,6119.2,0
2023-05-08 09:45:26,6119.8,817,6118.8,2,6120.2,3,6119.1,0
2023-05-08 09:45:27,6119.8,817,6118.8,2,6120.0,2,6119.0,0
2023-05-08 09:45:27,6119.8,817,6118.8,2,6119.8,1,6118.9,0
2023-05-08 09:45:28,6119.8,817,6118.8,2,6119.6,1,6118.800000000001,0
2023-05-08 09:45:29,6118.8,819,6116.4,1,6118.6,1,6118.8,0
2023-05-08 09:45:29,6118.8,819,6117.4,3,6118.6,1,6118.8,0
2023-05-08 09:45:30,6118.8,819,6117.4,5,6118.6,1,6118.8,0
