Time,LastPrice,Volume,Bid1Price,Bid1Volume,Ask1Price,Ask1Volume,FutureAvgPrice,Traded
2023-05-16 09:30:00,6084.0,13,6082.0,1,6083.6,1,6083.26,0
2023-05-16 09:30:00,6083.2,18,6075.2,1,6081.6,1,6083.4400000000005,1
2023-05-16 09:30:01,6081.6,22,6079.4,1,6081.4,2,6083.780000000001,1
2023-05-16 09:30:01,6081.6,28,6083.6,1,6084.0,2,6083.9800000000005,1
2023-05-16 09:30:02,6083.6,33,6080.8,1,6083.6,3,6083.9800000000005,1
2023-05-16 09:30:02,6083.6,33,6081.4,1,6083.6,2,6083.9800000000005,1
2023-05-16 09:30:03,6081.6,39,6081.6,6,6083.6,1,6084.18,1
2023-05-16 09:30:03,6083.6,41,6083.6,1,6084.0,1,6084.26,1
2023-05-16 09:30:04,6084.6,43,6083.8,2,6085.0,3,6084.24,0
2023-05-16 09:30:04,6084.6,43,6084.0,1,6085.0,3,6084.22,0
2023-05-16 09:30:05,6084.6,43,6084.2,3,6084.8,2,6084.2,0
2023-05-16 09:30:05,6085.0,47,6083.6,1,6085.0,1,6084.179999999999,0
2023-05-16 09:30:06,6085.0,49,6085.0,8,6085.8,1,6083.96,0
2023-05-16 09:30:06,6083.6,59,6082.0,1,6084.0,1,6083.88,1
2023-05-16 09:30:07,6083.6,59,6082.6,1,6085.4,1,6083.8,1
2023-05-16 09:30:07,6083.6,59,6082.8,2,6084.4,1,6083.9400000000005,1
2023-05-16 09:30:08,6083.6,59,6082.8,2,6084.4,1,6083.98,1
2023-05-16 09:30:08,6084.4,60,6082.8,1,6085.0,1,6083.9400000000005,0
2023-05-16 09:30:09,6084.4,60,6083.6,1,6085.0,2,6083.9,0
2023-05-16 09:30:09,6084.4,60,6083.6,1,6084.8,1,6083.82,0
2023-05-16 09:30:10,6084.4,60,6083.6,1,6084.8,1,6083.74,0
2023-05-16 09:30:11,6084.8,61,6083.6,1,6085.0,3,6083.620000000001,0
2023-05-16 09:30:11,6082.8,64,6082.4,1,6084.8,1,6083.7,1
2023-05-16 09:30:12,6082.8,64,6082.6,1,6084.0,2,6083.78,1
2023-05-16 09:30:12,6082.8,64,6082.2,1,6083.8,1,6084.02,1
2023-05-16 09:30:13,6085.0,72,6082.4,1,6083.6,2,6084.04,0
2023-05-16 09:30:13,6084.0,73,6082.6,2,6083.6,2,6084.160000000001,1
2023-05-16 09:30:14,6084.0,73,6082.8,1,6083.6,2,6084.320000000001,1
2023-05-16 09:30:14,6084.0,74,6083.0,1,6083.6,1,6084.4800000000005,1
2023-05-16 09:30:15,6083.6,75,6083.2,1,6085.0,2,6084.700000000001,1
2023-05-16 09:30:15,6083.6,75,6083.4,1,6085.0,2,6084.84,1
2023-05-16 09:30:16,6083.6,75,6083.6,1,6085.0,2,6084.9,1
2023-05-16 09:30:16,6083.6,75,6083.8,1,6085.0,2,6084.9400000000005,1
2023-05-16 09:30:17,6083.6,75,6084.0,3,6085.0,2,6084.9,1
2023-05-16 09:30:17,6085.2,78,6085.0,1,6085.8,1,6084.7,0
2023-05-16 09:30:18,6085.2,79,6085.2,2,6085.8,1,6084.5,0
2023-05-16 09:30:19,6085.2,80,6085.4,1,6085.8,1,6084.3,0
2023-05-16 09:30:19,6085.6,82,6085.6,1,6086.0,4,6084.06,0
2023-05-16 09:30:20,6085.6,84,6085.8,1,6086.0,4,6083.84,0
2023-05-16 09:30:20,6085.8,85,6085.0,1,6085.8,1,6083.26,0
2023-05-16 09:30:21,6085.0,86,6084.2,1,6085.8,1,6082.76,0
2023-05-16 09:30:21,6084.2,87,6083.0,1,6085.6,1,6082.379999999999,0
2023-05-16 09:30:22,6084.0,88,6084.0,1,6085.2,2,6082.14,0
2023-05-16 09:30:22,6083.2,90,6082.4,1,6085.0,3,6081.9800000000005,0
2023-05-16 09:30:23,6083.2,90,6082.8,1,6084.8,1,6081.82,0
2023-05-16 09:30:23,6083.2,90,6082.4,1,6084.6,1,6081.52,0
2023-05-16 09:30:24,6083.2,90,6082.2,1,6084.4,4,6081.2,0
2023-05-16 09:30:24,6083.2,90,6082.4,2,6083.6,1,6080.9,0
2023-05-16 09:30:25,6083.4,91,6082.0,1,6083.6,1,6080.379999999999,0
2023-05-16 09:30:25,6080.0,92,6080.0,1,6082.4,1,6080.4,1
2023-05-16 09:30:26,6080.0,92,6080.4,2,6082.2,1,6080.36,1
2023-05-16 09:30:26,6080.4,93,6080.2,1,6081.8,2,6080.5,1
2023-05-16 09:30:27,6081.6,94,6080.0,1,6082.0,3,6080.52,0
2023-05-16 09:30:27,6081.6,94,6080.2,1,6081.8,1,6080.54,0
2023-05-16 09:30:28,6081.6,94,6080.2,1,6081.6,1,6080.34,0
2023-05-16 09:30:28,6080.2,95,6080.0,1,6081.6,1,6080.56,1
2023-05-16 09:30:29,6080.0,99,6080.0,1,6080.2,1,6080.8,1
2023-05-16 09:30:29,6080.2,101,6080.0,1,6082.4,1,6081.02,1
2023-05-16 09:30:30,6078.2,103,6078.0,2,6080.2,1,6081.4400000000005,1
2023-05-16 09:30:30,6080.2,104,6078.8,1,6082.4,1,6081.66,1
2023-05-16 09:30:31,6079.6,106,6079.4,1,6082.0,2,6081.94,1
2023-05-16 09:30:31,6081.8,107,6079.6,1,6081.8,2,6082.06,1
2023-05-16 09:30:32,6081.8,107,6079.8,1,6081.8,2,6082.18,1
2023-05-16 09:30:32,6081.8,107,6079.8,1,6081.8,2,6082.3,1
2023-05-16 09:30:33,6079.6,109,6079.0,1,6081.8,2,6082.639999999999,1
2023-05-16 09:30:33,6082.4,111,6080.0,1,6082.8,1,6082.7,1
2023-05-16 09:30:34,6082.4,111,6080.8,1,6083.4,1,6082.76,1
2023-05-16 09:30:34,6082.4,111,6082.2,1,6083.8,1,6082.82,1
2023-05-16 09:30:35,6082.4,112,6082.4,1,6083.6,1,6082.9800000000005,1
2023-05-16 09:30:35,6082.4,112,6082.8,1,6083.6,1,6083.0,1
2023-05-16 09:30:36,6082.4,112,6083.0,1,6083.6,1,6083.02,1
2023-05-16 09:30:36,6083.0,113,6082.8,1,6083.0,1,6082.98,0
2023-05-16 09:30:37,6083.0,115,6081.2,1,6083.6,1,6082.9400000000005,0
2023-05-16 09:30:37,6083.0,115,6081.4,4,6084.4,1,6082.900000000001,0
2023-05-16 09:30:38,6083.0,115,6081.6,2,6084.2,1,6082.86,0
2023-05-16 09:30:38,6083.0,115,6082.2,1,6084.0,1,6082.820000000001,0
2023-05-16 09:30:39,6083.0,115,6082.4,5,6084.6,1,6082.780000000001,0
2023-05-16 09:30:39,6083.0,115,6084.2,1,6084.6,1,6082.74,0
2023-05-16 09:30:40,6084.0,116,6082.4,4,6084.4,2,6082.6,0
2023-05-16 09:30:40,6082.6,117,6082.4,3,6084.6,1,6082.6,0
2023-05-16 09:30:41,6082.6,117,6082.6,1,6084.4,2,6082.6,0
2023-05-16 09:30:41,6082.6,117,6082.4,1,6084.0,2,6082.6,0
2023-05-16 09:30:42,6082.6,117,6081.8,1,6083.4,1,6082.6,0
2023-05-16 09:30:42,6082.6,117,6080.8,1,6083.2,1,6082.6,0
2023-05-16 09:30:43,6082.6,117,6081.0,2,6083.0,1,6082.6,0
2023-05-16 09:30:43,6082.6,117,6081.6,2,6083.4,1,6082.56,0
2023-05-16 09:30:44,6082.6,117,6081.8,3,6083.2,1,6082.52,0
2023-05-16 09:30:44,6082.6,117,6081.8,3,6083.4,1,6082.4800000000005,0
2023-05-16 09:30:45,6082.6,117,6081.8,3,6083.4,1,6082.46,0
2023-05-16 09:30:45,6082.6,117,6082.0,2,6083.4,1,6082.4400000000005,0
2023-05-16 09:30:46,6082.6,117,6082.2,3,6083.4,1,6082.42,0
2023-05-16 09:30:46,6082.6,117,6082.2,3,6083.4,1,6082.4,0
2023-05-16 09:30:47,6082.6,117,6082.8,1,6083.4,1,6082.379999999999,0
2023-05-16 09:30:47,6082.6,117,6083.0,2,6083.4,1,6082.36,0
2023-05-16 09:30:48,6082.6,117,6083.0,2,6083.4,1,6082.34,0
2023-05-16 09:30:48,6082.2,120,6082.0,1,6083.4,1,6082.36,1
2023-05-16 09:30:49,6082.2,120,6081.8,1,6083.4,1,6082.3,1
2023-05-16 09:30:49,6082.2,120,6081.0,2,6083.0,1,6082.24,1
2023-05-16 09:30:50,6082.4,122,6081.0,1,6082.6,2,6082.16,0
2023-05-16 09:30:50,6082.4,122,6080.0,3,6082.0,2,6082.08,0
2023-05-16 09:30:51,6082.4,122,6080.2,1,6081.8,3,6082.0,0
2023-05-16 09:30:51,6082.4,123,6080.2,1,6081.8,2,6081.92,0
2023-05-16 09:30:52,6082.4,123,6080.2,2,6081.8,1,6081.84,0
2023-05-16 09:30:52,6082.4,123,6080.6,2,6081.8,1,6081.76,0
2023-05-16 09:30:53,6082.4,123,6080.8,1,6082.0,1,6081.8,0
2023-05-16 09:30:53,6082.4,123,6081.0,1,6082.8,1,6081.9,0
2023-05-16 09:30:54,6081.6,124,6081.4,3,6082.6,2,6082.08,1
2023-05-16 09:30:54,6081.6,124,6081.0,1,6082.6,1,6082.26,1
2023-05-16 09:30:55,6081.6,124,6081.4,1,6083.4,1,6082.4400000000005,1
2023-05-16 09:30:55,6081.6,124,6081.0,1,6083.0,3,6082.62,1
2023-05-16 09:30:56,6081.6,124,6081.4,2,6082.8,2,6082.8,1
2023-05-16 09:30:56,6081.6,124,6081.4,2,6082.6,2,6082.96,1
2023-05-16 09:30:57,6081.6,124,6081.0,1,6082.6,1,6083.12,1
2023-05-16 09:30:57,6081.6,124,6081.0,1,6082.8,2,6083.28,1
2023-05-16 09:30:58,6082.8,126,6081.0,1,6083.4,1,6083.4,1
2023-05-16 09:30:59,6083.4,127,6081.4,3,6084.2,1,6083.46,1
2023-05-16 09:30:59,6083.4,127,6082.8,1,6083.8,1,6083.52,1
2023-05-16 09:31:00,6083.4,127,6081.6,1,6083.8,1,6083.58,1
2023-05-16 09:31:00,6083.4,127,6081.8,2,6083.4,1,6083.54,1
2023-05-16 09:31:01,6083.4,127,6081.8,2,6083.2,1,6083.62,1
2023-05-16 09:31:01,6083.4,127,6081.8,1,6083.2,1,6083.7,1
2023-05-16 09:31:02,6083.2,128,6081.8,1,6084.2,1,6083.8,1
2023-05-16 09:31:02,6083.2,128,6081.8,1,6084.0,2,6083.9,1
2023-05-16 09:31:03,6083.2,128,6082.2,3,6083.8,1,6084.0,1
2023-05-16 09:31:03,6084.0,130,6082.6,2,6084.6,2,6083.92,0
2023-05-16 09:31:04,6084.0,130,6083.0,2,6084.6,2,6083.839999999999,0
2023-05-16 09:31:04,6084.0,130,6084.0,1,6084.6,2,6083.719999999999,0
2023-05-16 09:31:05,6084.0,131,6083.2,1,6084.6,2,6083.6,0
2023-05-16 09:31:05,6083.0,133,6082.8,3,6084.4,1,6083.58,1
2023-05-16 09:31:06,6084.2,135,6082.8,1,6084.4,1,6083.4400000000005,0
2023-05-16 09:31:06,6084.2,136,6082.8,1,6084.2,1,6083.3,0
2023-05-16 09:31:07,6084.2,136,6082.8,1,6083.8,1,6083.16,0
2023-05-16 09:31:07,6084.2,137,6082.4,1,6083.6,1,6083.02,0
2023-05-16 09:31:08,6084.2,137,6082.8,1,6083.2,1,6082.8,0
2023-05-16 09:31:08,6083.2,138,6082.8,1,6084.0,1,6082.68,0
2023-05-16 09:31:09,6083.2,138,6082.8,1,6083.0,1,6082.56,0
2023-05-16 09:31:09,6082.8,139,6081.2,2,6083.8,1,6082.4400000000005,0
2023-05-16 09:31:10,6082.8,139,6081.6,1,6082.8,2,6082.219999999999,0
2023-05-16 09:31:10,6082.8,140,6081.8,1,6082.8,1,6082.000000000001,0
2023-05-16 09:31:11,6082.8,140,6081.8,1,6082.4,1,6081.8,0
2023-05-16 09:31:11,6082.8,140,6081.6,1,6082.4,1,6081.52,0
2023-05-16 09:31:12,6082.8,140,6082.0,1,6082.4,1,6081.24,0
2023-05-16 09:31:12,6082.8,140,6082.0,1,6082.4,2,6080.96,0
2023-05-16 09:31:13,6082.0,141,6081.4,1,6082.4,1,6080.76,0
2023-05-16 09:31:13,6082.0,141,6081.0,1,6081.6,1,6080.56,0
2023-05-16 09:31:14,6082.0,141,6081.0,1,6081.4,1,6080.38,0
2023-05-16 09:31:14,6081.6,146,6080.2,2,6081.4,2,6080.24,0
2023-05-16 09:31:15,6080.6,147,6080.4,1,6081.4,2,6080.2,0
2023-05-16 09:31:15,6080.6,147,6080.0,3,6081.0,1,6080.179999999999,0
2023-05-16 09:31:16,6080.8,148,6080.0,3,6081.0,1,6080.14,0
2023-05-16 09:31:16,6080.0,149,6080.0,2,6081.0,2,6080.18,1
2023-05-16 09:31:17,6080.0,150,6080.0,1,6081.0,1,6080.219999999999,1
2023-05-16 09:31:17,6080.0,151,6078.6,1,6080.6,1,6080.26,1
2023-05-16 09:31:18,6080.0,151,6078.8,4,6080.4,1,6080.3,1
2023-05-16 09:31:18,6080.0,151,6078.8,2,6080.4,1,6080.4,1
2023-05-16 09:31:19,6080.2,152,6079.0,1,6080.4,1,6080.52,1
2023-05-16 09:31:19,6080.2,152,6078.4,2,6080.4,1,6080.639999999999,1
2023-05-16 09:31:20,6080.2,152,6080.4,1,6080.8,1,6080.7,1
2023-05-16 09:31:20,6080.4,153,6078.6,2,6080.8,1,6080.74,1
2023-05-16 09:31:21,6080.4,153,6078.8,3,6080.8,1,6080.78,1
2023-05-16 09:31:21,6080.4,153,6079.2,1,6081.2,1,6080.82,1
2023-05-16 09:31:22,6080.4,153,6079.4,2,6081.2,1,6080.860000000001,1
2023-05-16 09:31:22,6080.4,153,6079.4,2,6081.2,1,6080.9,1
2023-05-16 09:31:23,6080.4,153,6079.4,2,6081.0,1,6080.92,1
2023-05-16 09:31:23,6081.0,154,6079.6,1,6081.2,1,6080.88,0
2023-05-16 09:31:24,6081.4,156,6080.0,2,6082.2,1,6080.8,0
2023-05-16 09:31:25,6081.4,156,6080.4,1,6082.2,2,6080.740000000001,0
2023-05-16 09:31:25,6080.8,157,6080.6,4,6082.2,2,6080.74,0
2023-05-16 09:31:26,6080.8,157,6080.6,4,6082.2,1,6080.74,0
2023-05-16 09:31:26,6080.8,157,6080.8,1,6082.2,1,6080.74,0
2023-05-16 09:31:27,6080.8,157,6080.8,1,6082.0,1,6080.72,0
2023-05-16 09:31:27,6080.8,157,6080.6,3,6082.8,1,6080.700000000001,0
2023-05-16 09:31:28,6080.8,157,6080.8,1,6082.0,1,6080.68,0
2023-05-16 09:31:28,6080.6,158,6080.2,1,6081.6,1,6080.68,1
2023-05-16 09:31:29,6080.6,158,6080.6,1,6081.6,1,6080.68,1
2023-05-16 09:31:29,6080.6,158,6080.6,1,6080.8,1,6080.68,1
2023-05-16 09:31:30,6080.8,159,6080.6,1,6080.8,1,6080.66,0
2023-05-16 09:31:30,6080.8,159,6080.6,1,6082.0,1,6080.64,0
2023-05-16 09:31:31,6080.8,159,6080.6,1,6081.6,1,6080.6,0
2023-05-16 09:31:31,6080.8,159,6080.6,1,6081.4,1,6080.56,0
2023-05-16 09:31:32,6080.6,160,6079.0,1,6081.0,1,6080.58,0
2023-05-16 09:31:32,6080.6,160,6079.4,1,6080.8,1,6080.6,0
2023-05-16 09:31:33,6080.6,160,6080.0,1,6081.2,1,6080.4800000000005,0
2023-05-16 09:31:33,6080.6,161,6080.2,2,6080.6,2,6080.320000000001,0
2023-05-16 09:31:34,6080.6,163,6080.2,2,6082.0,2,6080.16,0
2023-05-16 09:31:34,6080.6,163,6080.2,2,6081.4,1,6080.12,0
2023-05-16 09:31:35,6080.6,163,6080.2,2,6081.2,1,6079.9,0
2023-05-16 09:31:35,6080.6,163,6080.4,1,6080.6,1,6079.68,0
2023-05-16 09:31:36,6080.4,166,6080.4,2,6081.8,1,6079.4800000000005,0
2023-05-16 09:31:36,6080.4,166,6080.6,2,6081.2,1,6079.28,0
2023-05-16 09:31:37,6080.8,168,6079.4,1,6080.6,2,6079.04,0
2023-05-16 09:31:37,6080.8,168,6079.6,2,6080.6,2,6078.8,0
2023-05-16 09:31:38,6079.4,169,6079.2,3,6080.6,2,6078.66,0
2023-05-16 09:31:38,6079.0,173,6078.4,2,6081.0,1,6078.56,0
2023-05-16 09:31:39,6079.0,173,6078.6,1,6080.4,1,6078.46,0
2023-05-16 09:31:39,6080.2,175,6078.4,2,6080.2,2,6078.280000000001,0
2023-05-16 09:31:40,6078.4,176,6078.0,2,6079.8,2,6078.28,0
2023-05-16 09:31:40,6078.4,176,6078.0,2,6079.6,1,6078.28,0
2023-05-16 09:31:41,6078.4,176,6078.0,3,6079.4,1,6078.28,0
2023-05-16 09:31:41,6078.4,176,6078.0,3,6078.6,3,6078.280000000001,0
2023-05-16 09:31:42,6078.4,176,6078.0,3,6078.6,3,6078.28,0
2023-05-16 09:31:42,6078.4,176,6078.0,3,6078.6,5,6078.28,0
2023-05-16 09:31:43,6078.0,178,6078.0,1,6078.6,5,6078.32,1
2023-05-16 09:31:45,6078.0,178,6078.0,1,6078.6,6,6078.359999999999,1
2023-05-16 09:31:45,6078.0,178,6078.0,1,6078.6,7,6078.4,1
2023-05-16 09:31:46,6078.4,180,6076.2,1,6078.6,7,6078.4,0
2023-05-16 09:31:46,6078.4,180,6076.6,3,6078.4,1,6078.36,0
2023-05-16 09:31:47,6078.4,180,6076.8,3,6078.4,1,6078.32,0
2023-05-16 09:31:47,6078.4,180,6077.0,3,6078.6,5,6078.28,0
2023-05-16 09:31:48,6078.4,180,6077.2,2,6078.6,7,6078.179999999999,0
2023-05-16 09:31:48,6078.4,180,6077.0,2,6078.4,1,6078.08,0
2023-05-16 09:31:49,6078.4,180,6077.0,2,6078.4,1,6077.94,0
2023-05-16 09:31:50,6078.4,180,6077.0,2,6078.4,1,6077.679999999999,0
2023-05-16 09:31:51,6078.4,180,6077.0,1,6078.6,6,6077.42,0
2023-05-16 09:31:51,6078.4,180,6077.2,4,6078.4,1,6077.16,0
2023-05-16 09:31:52,6078.4,180,6078.0,1,6078.6,5,6076.9,0
2023-05-16 09:31:52,6078.0,181,6077.2,1,6078.6,5,6076.68,0
2023-05-16 09:31:53,6078.0,181,6077.4,2,6078.6,5,6076.46,0
2023-05-16 09:31:53,6078.0,181,6077.4,3,6078.4,2,6076.24,0
2023-05-16 09:31:54,6077.4,184,6077.0,1,6077.8,1,6076.08,0
2023-05-16 09:31:54,6077.4,184,6077.0,1,6077.8,1,6075.840000000001,0
2023-05-16 09:31:55,6077.0,185,6076.2,1,6076.8,1,6075.640000000001,0
2023-05-16 09:31:55,6075.8,187,6075.8,1,6076.8,3,6075.56,0
2023-05-16 09:31:56,6075.8,187,6075.8,1,6076.6,1,6075.4800000000005,0
2023-05-16 09:31:56,6075.8,187,6075.8,1,6076.4,1,6075.4,0
2023-05-16 09:31:57,6075.8,187,6075.8,1,6076.0,1,6075.32,0
2023-05-16 09:31:58,6075.8,188,6073.8,1,6075.8,1,6075.24,0
2023-05-16 09:31:59,6075.8,188,6075.2,1,6075.6,1,6075.3,0
2023-05-16 09:31:59,6075.8,188,6074.2,1,6075.4,1,6075.36,0
2023-05-16 09:32:00,6075.8,188,6074.4,2,6075.0,1,6075.38,0
2023-05-16 09:32:00,6075.0,189,6074.6,3,6076.4,1,6075.4800000000005,1
2023-05-16 09:32:01,6075.0,189,6074.8,1,6076.2,1,6075.620000000001,1
2023-05-16 09:32:01,6075.0,189,6075.0,4,6076.4,1,6075.759999999999,1
2023-05-16 09:32:02,6075.0,189,6075.0,2,6076.4,1,6075.9,1
2023-05-16 09:32:02,6075.0,189,6075.4,1,6076.4,1,6076.02,1
2023-05-16 09:32:03,6075.0,189,6075.4,1,6076.4,1,6076.139999999999,1
2023-05-16 09:32:03,6075.0,189,6075.0,2,6076.4,1,6076.259999999999,1
2023-05-16 09:32:04,6076.4,190,6075.6,1,6077.0,2,6076.08,0
2023-05-16 09:32:04,6076.4,190,6076.0,1,6076.6,1,6075.9,0
2023-05-16 09:32:05,6076.0,191,6076.2,2,6076.8,1,6075.76,0
2023-05-16 09:32:05,6076.0,192,6075.8,1,6076.4,1,6075.62,0
2023-05-16 09:32:06,6076.4,193,6075.8,1,6077.0,2,6075.46,0
2023-05-16 09:32:06,6076.4,193,6075.8,2,6077.0,2,6075.36,0
2023-05-16 09:32:07,6076.4,193,6076.2,1,6076.8,1,6075.26,0
2023-05-16 09:32:07,6076.2,194,6075.2,1,6076.0,2,6075.12,0
2023-05-16 09:32:08,6076.2,194,6075.2,1,6075.8,1,6075.0,0
2023-05-16 09:32:08,6076.2,194,6074.4,1,6075.6,1,6074.9800000000005,0
2023-05-16 09:32:09,6074.6,196,6074.4,1,6075.6,1,6074.96,1
2023-05-16 09:32:09,6074.6,196,6074.4,1,6075.4,7,6074.9400000000005,1
2023-05-16 09:32:10,6074.6,196,6074.4,1,6075.2,1,6074.92,1
2023-05-16 09:32:10,6074.6,196,6074.6,1,6075.2,1,6074.96,1
2023-05-16 09:32:11,6074.8,198,6074.8,2,6075.4,7,6074.98,1
2023-05-16 09:32:11,6075.4,200,6075.0,1,6075.4,5,6074.94,0
2023-05-16 09:32:12,6075.4,200,6075.2,2,6075.4,5,6074.9800000000005,0
2023-05-16 09:32:12,6074.8,202,6074.4,1,6075.0,1,6075.08,1
2023-05-16 09:32:13,6075.0,203,6074.6,2,6075.4,5,6075.16,1
2023-05-16 09:32:13,6076.0,210,6074.4,1,6076.0,1,6075.16,0
2023-05-16 09:32:14,6074.4,212,6074.0,1,6076.0,1,6075.32,1
2023-05-16 09:32:14,6074.4,212,6074.4,2,6075.0,1,6075.56,1
2023-05-16 09:32:15,6074.4,212,6074.4,1,6075.0,1,6075.76,1
2023-05-16 09:32:15,6075.0,213,6075.0,1,6076.0,1,6075.9,1
2023-05-16 09:32:16,6075.0,213,6074.2,3,6075.8,2,6076.04,1
2023-05-16 09:32:16,6075.0,213,6075.6,1,6076.0,1,6076.18,1
2023-05-16 09:32:17,6075.8,215,6074.2,3,6076.0,1,6076.24,1
2023-05-16 09:32:17,6075.8,215,6074.6,1,6076.0,1,6076.299999999999,1
2023-05-16 09:32:18,6075.8,215,6075.0,2,6076.0,1,6076.36,1
2023-05-16 09:32:18,6076.0,216,6075.2,1,6076.6,1,6076.42,1
2023-05-16 09:32:19,6076.0,216,6075.6,1,6076.8,1,6076.4800000000005,1
2023-05-16 09:32:19,6076.8,217,6076.4,1,6077.0,2,6076.46,0
2023-05-16 09:32:20,6076.4,218,6075.2,1,6077.0,2,6076.48,1
2023-05-16 09:32:20,6076.4,218,6075.2,1,6077.0,2,6076.5,1
2023-05-16 09:32:21,6076.4,218,6075.0,1,6076.8,1,6076.4800000000005,1
2023-05-16 09:32:21,6076.4,218,6075.0,2,6076.6,2,6076.4400000000005,1
2023-05-16 09:32:22,6076.4,218,6075.0,2,6076.6,1,6076.4,0
2023-05-16 09:32:22,6076.4,218,6075.4,2,6077.0,2,6076.360000000001,0
2023-05-16 09:32:23,6076.4,218,6076.6,1,6076.8,1,6076.320000000001,0
2023-05-16 09:32:23,6076.6,221,6076.2,1,6077.0,1,6076.26,0
2023-05-16 09:32:24,6076.6,221,6076.2,1,6077.0,1,6076.2,0
2023-05-16 09:32:24,6076.6,221,6076.2,1,6077.0,1,6076.14,0
2023-05-16 09:32:25,6076.6,221,6076.2,1,6077.0,1,6076.08,0
2023-05-16 09:32:26,6076.6,221,6076.2,1,6077.0,2,6076.120000000001,0
2023-05-16 09:32:27,6076.2,222,6076.0,1,6077.0,2,6076.2,0
2023-05-16 09:32:27,6076.0,223,6075.0,2,6076.8,1,6076.3,1
2023-05-16 09:32:28,6076.0,223,6075.2,1,6076.6,1,6076.379999999999,1
2023-05-16 09:32:28,6076.0,223,6075.0,2,6076.6,2,6076.46,1
2023-05-16 09:32:29,6076.0,223,6075.0,2,6076.6,1,6076.54,1
2023-05-16 09:32:29,6076.0,223,6075.2,3,6076.6,2,6076.62,1
2023-05-16 09:32:30,6076.0,223,6075.6,1,6076.6,2,6076.7,1
2023-05-16 09:32:30,6076.0,223,6075.6,1,6076.6,1,6076.780000000001,1
2023-05-16 09:32:31,6076.0,223,6075.8,3,6076.6,1,6076.86,1
2023-05-16 09:32:31,6077.0,225,6076.6,1,6077.0,1,6076.84,0
2023-05-16 09:32:32,6077.0,225,6075.4,2,6077.0,1,6076.82,0
2023-05-16 09:32:32,6077.0,226,6076.8,1,6077.2,1,6076.84,0
2023-05-16 09:32:33,6076.8,227,6075.6,2,6077.2,1,6076.88,1
2023-05-16 09:32:33,6076.8,227,6075.8,3,6077.2,1,6076.92,1
2023-05-16 09:32:34,6076.8,227,6075.8,3,6077.2,1,6076.96,1
2023-05-16 09:32:34,6076.8,227,6076.0,1,6077.2,1,6077.0,1
2023-05-16 09:32:35,6076.8,227,6075.8,1,6076.8,3,6077.04,1
2023-05-16 09:32:35,6076.8,227,6075.4,2,6076.8,3,6077.08,1
2023-05-16 09:32:36,6076.8,227,6075.6,2,6076.8,3,6077.12,1
2023-05-16 09:32:36,6076.8,230,6076.0,1,6077.2,1,6077.16,1
2023-05-16 09:32:37,6076.8,230,6076.2,3,6077.2,1,6077.2,1
2023-05-16 09:32:37,6077.2,231,6077.4,3,6077.8,1,6077.2,0
2023-05-16 09:32:38,6077.2,231,6076.8,1,6077.8,1,6077.0,0
2023-05-16 09:32:38,6077.2,231,6076.8,1,6077.8,1,6076.780000000001,0
2023-05-16 09:32:39,6077.2,231,6076.8,1,6077.6,1,6076.56,0
2023-05-16 09:32:39,6077.2,231,6076.4,2,6077.6,1,6076.34,0
2023-05-16 09:32:40,6077.2,231,6075.8,2,6077.6,1,6076.12,0
2023-05-16 09:32:40,6077.2,231,6076.0,1,6077.4,1,6075.9,0
2023-05-16 09:32:41,6077.2,231,6075.8,2,6077.2,1,6075.68,0
2023-05-16 09:32:41,6077.2,231,6075.8,2,6077.2,1,6075.46,0
2023-05-16 09:32:42,6077.2,231,6075.0,4,6077.2,1,6075.24,0
2023-05-16 09:32:42,6077.2,231,6075.2,1,6077.0,1,6075.02,0
2023-05-16 09:32:44,6075.2,232,6075.0,5,6076.6,1,6075.08,0
2023-05-16 09:32:44,6075.0,234,6075.0,3,6076.4,2,6075.16,1
2023-05-16 09:32:45,6075.0,234,6075.0,3,6076.2,3,6075.24,1
2023-05-16 09:32:45,6075.0,234,6075.0,2,6076.2,2,6075.32,1
2023-05-16 09:32:46,6075.0,234,6075.0,2,6076.2,1,6075.4,1
2023-05-16 09:32:46,6075.0,234,6075.4,1,6076.4,1,6075.6,1
2023-05-16 09:32:47,6075.0,234,6075.2,1,6077.0,1,6075.8,1
2023-05-16 09:32:47,6075.0,234,6075.8,1,6076.8,1,6076.0,1
2023-05-16 09:32:48,6075.0,234,6076.0,2,6077.0,1,6076.2,1
2023-05-16 09:32:48,6075.0,234,6076.8,1,6077.0,1,6076.4,1
2023-05-16 09:32:49,6075.8,236,6075.4,1,6077.0,1,6076.52,1
2023-05-16 09:32:49,6075.8,236,6075.6,3,6076.8,1,6076.64,1
2023-05-16 09:32:51,6075.8,236,6075.8,1,6076.8,1,6076.76,1
2023-05-16 09:32:51,6075.8,236,6075.6,2,6077.0,1,6076.92,1
2023-05-16 09:32:52,6075.8,236,6075.8,1,6077.0,1,6077.08,1
2023-05-16 09:32:53,6077.0,237,6075.6,1,6077.6,1,6077.16,1
2023-05-16 09:32:54,6077.0,237,6076.0,1,6077.2,1,6077.24,1
2023-05-16 09:32:54,6077.0,237,6075.8,4,6077.2,1,6077.34,1
2023-05-16 09:32:55,6077.0,237,6076.0,2,6077.6,1,6077.4400000000005,1
2023-05-16 09:32:55,6077.0,237,6076.0,1,6077.0,1,6077.58,1
2023-05-16 09:32:56,6077.0,238,6076.2,2,6077.6,1,6077.719999999999,1
2023-05-16 09:32:56,6077.0,238,6075.8,3,6077.4,1,6077.8,1
2023-05-16 09:32:57,6077.0,238,6076.0,2,6077.4,1,6077.92,1
2023-05-16 09:32:57,6077.4,239,6076.0,2,6077.8,1,6077.96,1
2023-05-16 09:32:58,6077.4,239,6076.4,1,6077.8,1,6078.06,1
2023-05-16 09:32:58,6077.8,240,6077.8,5,6078.4,1,6078.12,1
2023-05-16 09:32:59,6077.8,240,6078.0,1,6078.6,2,6078.219999999999,1
2023-05-16 09:32:59,6078.0,243,6077.8,5,6079.4,1,6078.36,1
2023-05-16 09:33:00,6078.0,243,6078.2,3,6079.2,1,6078.5,1
2023-05-16 09:33:00,6078.4,245,6078.4,1,6080.6,1,6078.6,1
2023-05-16 09:33:01,6078.4,245,6077.8,5,6080.0,5,6078.7,1
2023-05-16 09:33:01,6077.8,246,6077.8,4,6079.6,1,6078.98,1
2023-05-16 09:33:02,6078.2,247,6077.8,4,6079.0,1,6079.12,1
2023-05-16 09:33:02,6077.8,251,6077.0,1,6078.6,1,6079.4,1
2023-05-16 09:33:03,6078.4,252,6077.2,1,6079.0,2,6079.679999999999,1
2023-05-16 09:33:03,6078.4,252,6077.6,1,6078.8,1,6079.9400000000005,1
2023-05-16 09:33:04,6078.8,253,6078.0,2,6079.4,1,6080.16,1
2023-05-16 09:33:04,6079.4,254,6078.4,2,6080.4,2,6080.32,1
2023-05-16 09:33:05,6079.4,254,6079.4,1,6080.2,1,6080.4800000000005,1
2023-05-16 09:33:05,6079.4,255,6078.8,1,6081.4,1,6080.64,1
2023-05-16 09:33:06,6079.4,255,6079.0,3,6080.8,1,6080.8,1
2023-05-16 09:33:06,6080.6,256,6079.4,1,6080.8,1,6080.84,1
2023-05-16 09:33:07,6079.6,257,6079.6,1,6080.6,2,6080.92,1
2023-05-16 09:33:07,6080.6,259,6079.8,1,6081.2,1,6080.9,1
2023-05-16 09:33:08,6081.2,260,6080.2,1,6081.0,1,6080.82,0
2023-05-16 09:33:08,6081.0,261,6080.6,1,6082.0,1,6080.74,0
2023-05-16 09:33:09,6081.0,261,6080.6,1,6081.8,2,6080.66,0
2023-05-16 09:33:09,6081.0,261,6080.6,1,6081.8,2,6080.5,0
2023-05-16 09:33:10,6081.0,261,6080.4,1,6081.8,2,6080.3,0
2023-05-16 09:33:10,6081.0,261,6080.4,1,6081.8,2,6080.2,0
2023-05-16 09:33:11,6081.0,261,6080.4,1,6081.6,1,6080.1,0
2023-05-16 09:33:11,6081.0,261,6080.4,1,6081.4,1,6079.8,0
2023-05-16 09:33:12,6080.4,262,6080.2,1,6081.8,2,6079.56,0
2023-05-16 09:33:12,6080.4,262,6080.2,1,6081.4,2,6079.32,0
2023-05-16 09:33:13,6080.4,262,6080.2,1,6081.2,1,6079.08,0
2023-05-16 09:33:13,6080.2,263,6079.2,2,6081.2,1,6079.02,0
2023-05-16 09:33:14,6080.2,263,6079.4,1,6081.2,1,6078.96,0
2023-05-16 09:33:14,6079.4,264,6079.0,2,6080.6,1,6078.9800000000005,0
2023-05-16 09:33:15,6079.0,265,6078.8,1,6080.2,1,6079.04,1
2023-05-16 09:33:15,6080.0,267,6078.0,1,6080.2,2,6079.0,0
2023-05-16 09:33:16,6080.0,267,6078.0,1,6079.6,1,6078.96,0
2023-05-16 09:33:16,6078.0,269,6078.2,1,6079.6,1,6079.280000000001,1
2023-05-16 09:33:17,6078.0,269,6078.2,1,6079.2,1,6079.6,1
2023-05-16 09:33:17,6078.0,269,6078.2,1,6079.6,1,6079.92,1
2023-05-16 09:33:18,6078.0,269,6079.6,1,6080.0,1,6080.24,1
2023-05-16 09:33:18,6079.6,270,6078.2,1,6079.8,4,6080.4,1
2023-05-16 09:33:19,6079.6,270,6078.2,1,6079.8,3,6080.6,1
2023-05-16 09:33:19,6079.6,270,6078.4,1,6080.0,1,6080.8,1
2023-05-16 09:33:20,6079.6,270,6079.8,1,6081.0,1,6081.0,1
2023-05-16 09:33:20,6079.6,270,6079.8,1,6080.8,3,6081.2,1
2023-05-16 09:33:21,6079.6,270,6079.8,1,6080.8,3,6081.4,1
2023-05-16 09:33:21,6081.2,271,6080.0,1,6082.0,1,6081.4400000000005,1
2023-05-16 09:33:22,6081.2,271,6080.2,1,6081.8,3,6081.3,1
2023-05-16 09:33:22,6081.2,271,6079.8,1,6081.6,1,6081.340000000001,1
2023-05-16 09:33:23,6081.2,271,6080.0,1,6081.6,1,6081.38,1
2023-05-16 09:33:23,6081.2,271,6079.8,1,6081.6,1,6081.42,1
2023-05-16 09:33:24,6081.6,272,6080.0,1,6081.8,3,6081.42,0
2023-05-16 09:33:24,6081.6,272,6080.2,1,6081.8,3,6081.42,0
2023-05-16 09:33:25,6081.6,272,6078.8,1,6081.4,1,6081.38,0
2023-05-16 09:33:25,6081.6,273,6079.8,1,6081.2,1,6081.34,0
2023-05-16 09:33:26,6081.6,273,6080.0,1,6081.2,1,6081.300000000001,0
2023-05-16 09:33:26,6081.6,273,6079.6,1,6081.6,1,6081.26,0
2023-05-16 09:33:27,6079.8,275,6079.8,1,6081.6,1,6081.4,1
2023-05-16 09:33:27,6081.6,276,6080.0,2,6081.8,2,6081.36,0
2023-05-16 09:33:28,6081.6,276,6080.2,2,6081.8,2,6081.32,0
2023-05-16 09:33:28,6081.6,276,6080.4,1,6081.8,3,6081.280000000001,0
2023-05-16 09:33:29,6081.6,276,6080.6,2,6082.0,1,6081.24,0
2023-05-16 09:33:29,6081.6,276,6080.8,1,6081.0,1,6081.199999999999,0
2023-05-16 09:33:30,6081.2,277,6080.6,1,6081.8,1,6081.2,0
2023-05-16 09:33:30,6081.2,277,6080.8,1,6082.0,1,6081.2,0
2023-05-16 09:33:31,6081.2,277,6080.2,1,6081.8,3,6081.24,1
2023-05-16 09:33:31,6081.2,277,6080.2,1,6081.8,3,6081.280000000001,1
2023-05-16 09:33:32,6081.2,277,6080.4,1,6081.2,1,6081.320000000001,1
2023-05-16 09:33:32,6081.2,277,6080.0,1,6081.6,1,6081.36,1
2023-05-16 09:33:33,6081.2,277,6080.0,1,6081.2,2,6081.4,1
2023-05-16 09:33:33,6081.2,277,6080.0,1,6081.6,2,6081.4400000000005,1
2023-05-16 09:33:34,6081.2,277,6080.2,1,6081.6,2,6081.4800000000005,1
2023-05-16 09:33:35,6081.2,277,6080.4,2,6081.6,2,6081.52,1
2023-05-16 09:33:35,6081.2,277,6080.4,1,6081.6,1,6081.56,1
2023-05-16 09:33:36,6081.2,277,6080.2,1,6081.6,1,6081.6,1
2023-05-16 09:33:36,6081.6,278,6080.6,1,6082.0,1,6081.4800000000005,0
2023-05-16 09:33:37,6081.6,278,6080.8,1,6081.8,1,6081.4800000000005,0
2023-05-16 09:33:37,6081.6,278,6081.0,1,6082.0,1,6081.320000000001,0
2023-05-16 09:33:38,6081.6,278,6080.2,1,6081.8,3,6081.26,0
2023-05-16 09:33:38,6081.6,278,6080.2,1,6081.8,2,6081.200000000001,0
2023-05-16 09:33:39,6081.6,278,6080.2,1,6081.8,2,6081.14,0
2023-05-16 09:33:39,6081.6,278,6080.2,1,6081.2,1,6081.08,0
2023-05-16 09:33:40,6081.6,278,6080.0,1,6081.0,1,6081.02,0
2023-05-16 09:33:40,6081.6,278,6080.2,1,6081.0,1,6080.960000000001,0
2023-05-16 09:33:41,6081.6,278,6080.0,1,6080.2,1,6080.78,0
2023-05-16 09:33:41,6080.4,279,6081.6,1,6081.8,2,6080.72,1
2023-05-16 09:33:42,6081.6,281,6079.4,1,6081.2,1,6080.7,0
2023-05-16 09:33:42,6080.0,282,6081.0,1,6081.8,2,6080.7,1
2023-05-16 09:33:43,6081.0,283,6079.8,1,6081.8,3,6080.6,0
2023-05-16 09:33:43,6081.0,283,6080.2,2,6081.6,1,6080.5,0
2023-05-16 09:33:44,6081.0,283,6079.8,1,6081.8,2,6080.4,0
2023-05-16 09:33:44,6081.0,283,6080.0,3,6081.6,1,6080.3,0
2023-05-16 09:33:45,6081.0,283,6080.0,1,6081.4,1,6080.2,0
2023-05-16 09:33:45,6081.0,283,6079.6,6,6081.4,1,6080.1,0
2023-05-16 09:33:46,6079.8,286,6079.8,1,6081.4,1,6080.24,1
2023-05-16 09:33:46,6079.8,286,6079.6,4,6081.4,1,6080.379999999999,1
2023-05-16 09:33:47,6081.4,287,6079.8,3,6081.6,1,6080.36,0
2023-05-16 09:33:47,6080.0,288,6080.0,1,6081.6,1,6080.48,1
2023-05-16 09:33:48,6080.0,288,6080.0,3,6081.6,1,6080.6,1
2023-05-16 09:33:48,6080.0,288,6080.0,3,6081.6,1,6080.719999999999,1
2023-05-16 09:33:49,6080.0,289,6080.2,1,6081.4,1,6080.839999999999,1
2023-05-16 09:33:49,6080.0,289,6080.0,2,6081.2,1,6080.96,1
2023-05-16 09:33:50,6080.0,291,6079.8,3,6081.2,1,6081.08,1
2023-05-16 09:33:51,6080.0,291,6079.8,2,6081.0,1,6081.199999999999,1
2023-05-16 09:33:51,6081.2,292,6079.8,2,6081.6,1,6081.2,0
2023-05-16 09:33:52,6081.2,292,6080.0,2,6081.2,1,6081.2,0
2023-05-16 09:33:54,6081.2,292,6079.8,2,6081.2,1,6081.2,0
2023-05-16 09:33:54,6081.2,292,6080.0,1,6081.2,2,6081.2,0
2023-05-16 09:33:55,6081.2,292,6079.8,2,6081.2,2,6081.120000000001,0
2023-05-16 09:33:56,6081.2,292,6080.0,1,6081.2,2,6081.039999999999,0
2023-05-16 09:33:56,6081.2,292,6080.0,1,6081.2,2,6081.12,0
2023-05-16 09:33:57,6081.2,292,6079.6,4,6081.2,2,6081.219999999999,1
2023-05-16 09:33:57,6081.2,292,6079.8,3,6081.2,2,6081.32,1
2023-05-16 09:33:58,6081.2,292,6080.0,1,6081.2,2,6081.42,1
2023-05-16 09:33:58,6081.2,292,6079.8,2,6081.2,2,6081.52,1
2023-05-16 09:33:59,6081.2,292,6080.2,1,6081.2,2,6081.62,1
2023-05-16 09:33:59,6081.2,292,6080.2,1,6081.2,2,6081.660000000001,1
2023-05-16 09:34:00,6081.2,292,6080.2,1,6081.2,2,6081.7,1
2023-05-16 09:34:00,6080.4,295,6080.2,1,6082.0,1,6081.82,1
2023-05-16 09:34:01,6080.4,295,6080.4,3,6082.0,1,6081.9400000000005,1
2023-05-16 09:34:01,6082.0,296,6080.8,3,6082.2,1,6081.88,0
2023-05-16 09:34:02,6082.2,297,6081.4,1,6083.0,1,6081.74,0
2023-05-16 09:34:02,6082.2,297,6081.6,3,6083.0,1,6081.6,0
2023-05-16 09:34:03,6082.2,297,6081.6,1,6083.0,1,6081.460000000001,0
2023-05-16 09:34:03,6082.2,297,6081.6,1,6083.0,1,6081.32,0
2023-05-16 09:34:04,6082.2,297,6081.6,1,6082.8,1,6081.18,0
2023-05-16 09:34:04,6081.6,298,6081.4,1,6082.0,2,6081.1,0
2023-05-16 09:34:05,6081.6,298,6080.4,1,6082.6,2,6081.02,0
2023-05-16 09:34:05,6081.6,298,6080.6,6,6082.2,1,6080.9400000000005,0
2023-05-16 09:34:06,6081.6,298,6081.4,1,6082.2,1,6080.860000000001,0
2023-05-16 09:34:06,6081.4,299,6080.8,2,6082.0,1,6081.0,0
2023-05-16 09:34:07,6080.8,300,6080.6,2,6082.0,1,6081.2,1
2023-05-16 09:34:07,6080.8,300,6080.0,1,6082.0,1,6081.4,1
2023-05-16 09:34:08,6080.8,300,6080.4,1,6081.8,1,6081.6,1
2023-05-16 09:34:08,6080.8,300,6080.2,3,6081.8,1,6081.8,1
2023-05-16 09:34:09,6080.8,300,6080.6,1,6082.6,2,6081.9,1
2023-05-16 09:34:09,6080.8,300,6081.0,2,6082.4,1,6082.0,1
2023-05-16 09:34:10,6080.8,300,6081.2,2,6082.4,1,6082.08,1
2023-05-16 09:34:10,6080.8,300,6081.0,1,6083.0,3,6082.160000000001,1
2023-05-16 09:34:11,6080.8,300,6081.2,1,6082.8,3,6082.24,1
2023-05-16 09:34:11,6082.8,301,6081.4,4,6083.0,3,6082.120000000001,0
2023-05-16 09:34:12,6082.8,301,6081.6,2,6083.0,3,6082.120000000001,0
2023-05-16 09:34:12,6082.8,301,6081.8,1,6083.0,3,6082.140000000001,0
2023-05-16 09:34:13,6082.8,301,6081.6,2,6083.0,3,6082.120000000001,0
2023-05-16 09:34:13,6082.8,301,6081.2,3,6081.6,6,6082.1,0
2023-05-16 09:34:14,6081.8,303,6081.2,2,6081.6,4,6082.18,1
2023-05-16 09:34:14,6081.8,303,6081.2,2,6081.6,4,6082.3,1
2023-05-16 09:34:15,6081.6,307,6081.6,1,6082.8,1,6082.4400000000005,1
2023-05-16 09:34:15,6081.6,307,6080.6,1,6082.4,1,6082.58,1
2023-05-16 09:34:16,6081.6,307,6081.6,1,6082.6,2,6082.719999999999,1
2023-05-16 09:34:16,6081.6,307,6081.6,1,6082.8,1,6082.84,1
2023-05-16 09:34:17,6082.8,308,6082.0,2,6083.0,3,6082.9400000000005,1
2023-05-16 09:34:17,6083.0,311,6082.4,1,6084.4,1,6082.879999999999,0
2023-05-16 09:34:18,6082.6,313,6082.6,1,6084.2,1,6082.86,1
2023-05-16 09:34:18,6082.6,313,6082.8,4,6084.6,1,6082.84,1
2023-05-16 09:34:19,6082.6,313,6083.0,1,6084.6,1,6082.820000000001,1
2023-05-16 09:34:19,6083.0,315,6083.2,1,6084.6,1,6082.68,0
2023-05-16 09:34:20,6083.0,315,6083.4,1,6084.4,1,6082.54,0
2023-05-16 09:34:20,6083.0,316,6083.0,1,6084.4,1,6082.4,0
2023-05-16 09:34:21,6083.0,316,6083.0,1,6084.2,1,6082.26,0
2023-05-16 09:34:21,6082.8,318,6082.2,2,6084.4,1,6082.12,0
2023-05-16 09:34:22,6083.8,319,6082.4,2,6084.0,3,6081.879999999999,0
2023-05-16 09:34:22,6082.4,321,6082.2,2,6083.8,1,6081.780000000001,0
2023-05-16 09:34:23,6082.4,321,6082.0,1,6083.4,1,6081.68,0
2023-05-16 09:34:23,6082.4,321,6082.0,1,6083.2,2,6081.58,0
2023-05-16 09:34:24,6082.4,321,6082.0,1,6083.2,1,6081.48,0
2023-05-16 09:34:24,6081.6,323,6080.8,1,6083.2,1,6081.46,0
2023-05-16 09:34:25,6081.6,323,6081.4,1,6083.0,1,6081.4400000000005,0
2023-05-16 09:34:25,6081.6,323,6081.4,1,6083.6,2,6081.42,0
2023-05-16 09:34:26,6081.6,323,6081.0,3,6081.4,3,6081.4,0
2023-05-16 09:34:26,6081.4,326,6081.4,2,6083.0,1,6081.4,0
2023-05-16 09:34:27,6081.4,326,6081.0,2,6082.4,3,6081.4,0
2023-05-16 09:34:27,6081.4,326,6081.0,2,6082.2,1,6081.4,0
2023-05-16 09:34:28,6081.4,326,6081.0,2,6082.4,2,6081.4,0
2023-05-16 09:34:28,6081.4,326,6081.0,3,6082.4,2,6081.36,0
2023-05-16 09:34:29,6081.4,326,6081.0,3,6082.2,1,6081.32,0
2023-05-16 09:34:29,6081.4,326,6081.0,3,6082.8,3,6081.2,0
2023-05-16 09:34:30,6081.4,326,6081.2,1,6082.6,3,6081.08,0
2023-05-16 09:34:30,6081.4,326,6081.0,3,6082.4,1,6080.96,0
2023-05-16 09:34:31,6081.4,326,6081.2,1,6082.4,1,6080.84,0
2023-05-16 09:34:31,6081.4,326,6081.0,3,6082.0,1,6080.719999999999,0
2023-05-16 09:34:32,6081.4,326,6081.0,3,6081.8,1,6080.599999999999,0
2023-05-16 09:34:32,6081.4,326,6081.0,3,6081.8,1,6080.46,0
2023-05-16 09:34:33,6081.4,326,6081.0,3,6081.6,1,6080.16,0
2023-05-16 09:34:33,6081.0,329,6080.0,1,6081.6,1,6079.9,0
2023-05-16 09:34:34,6081.0,329,6080.2,2,6081.6,1,6079.64,0
2023-05-16 09:34:34,6080.2,331,6079.8,2,6081.6,1,6079.459999999999,0
2023-05-16 09:34:35,6080.2,331,6080.0,2,6081.2,2,6079.28,0
2023-05-16 09:34:35,6080.2,331,6080.0,2,6080.8,1,6079.1,0
2023-05-16 09:34:36,6080.2,331,6080.0,2,6080.8,1,6078.92,0
2023-05-16 09:34:36,6080.2,331,6080.2,3,6080.8,1,6078.74,0
2023-05-16 09:34:37,6080.2,331,6080.0,2,6081.4,1,6078.56,0
2023-05-16 09:34:37,6080.0,333,6079.6,1,6081.2,3,6078.4,0
2023-05-16 09:34:38,6078.4,337,6078.0,1,6081.0,2,6078.4,0
2023-05-16 09:34:38,6078.4,337,6079.2,2,6080.6,1,6078.4,0
2023-05-16 09:34:39,6078.4,337,6078.4,5,6080.8,2,6078.4,0
2023-05-16 09:34:39,6078.4,337,6078.8,1,6080.8,2,6078.4,0
2023-05-16 09:34:40,6078.4,337,6078.8,1,6080.8,2,6078.4,0
2023-05-16 09:34:40,6078.4,337,6078.8,1,6080.6,3,6078.4,0
2023-05-16 09:34:41,6078.4,337,6078.8,1,6080.4,1,6078.4,0
2023-05-16 09:34:41,6078.4,337,6078.4,2,6078.8,1,6078.4,0
2023-05-16 09:34:42,6078.4,337,6078.4,2,6078.8,1,6078.4,0
2023-05-16 09:34:42,6078.4,337,6078.4,2,6078.8,1,6078.4,0
2023-05-16 09:34:43,6078.4,337,6078.2,2,6078.8,1,6078.379999999999,0
2023-05-16 09:34:43,6078.4,337,6078.4,3,6078.8,1,6078.36,0
2023-05-16 09:34:44,6078.4,337,6078.4,3,6078.8,1,6078.36,0
2023-05-16 09:34:44,6078.4,337,6078.2,2,6078.8,1,6078.36,0
2023-05-16 09:34:45,6078.4,337,6078.2,2,6078.8,1,6078.359999999999,0
2023-05-16 09:34:45,6078.4,337,6078.2,2,6078.8,1,6078.34,0
2023-05-16 09:34:46,6078.4,337,6078.2,2,6078.8,1,6078.3,0
2023-05-16 09:34:46,6078.4,337,6078.4,3,6078.8,1,6078.2,0
2023-05-16 09:34:47,6078.4,337,6078.4,2,6078.8,1,6078.099999999999,0
2023-05-16 09:34:48,6078.4,337,6078.2,2,6078.4,1,6078.0,0
2023-05-16 09:34:49,6078.2,338,6078.0,2,6078.4,1,6077.92,0
2023-05-16 09:34:49,6078.2,338,6078.2,1,6078.4,1,6077.839999999999,0
2023-05-16 09:34:50,6078.4,339,6078.4,1,6078.8,1,6077.74,0
2023-05-16 09:34:51,6078.4,339,6078.2,1,6078.8,1,6077.639999999999,0
2023-05-16 09:34:51,6078.4,339,6078.2,1,6078.8,1,6077.54,0
2023-05-16 09:34:52,6078.2,340,6078.0,2,6078.2,4,6077.48,0
2023-05-16 09:34:52,6078.0,342,6077.2,2,6078.0,1,6077.44,0
2023-05-16 09:34:53,6077.4,343,6077.4,2,6078.0,1,6077.58,1
2023-05-16 09:34:53,6077.4,345,6077.4,2,6078.0,1,6077.82,1
2023-05-16 09:34:54,6077.4,345,6077.6,1,6078.0,1,6078.06,1
2023-05-16 09:34:54,6077.4,347,6077.4,1,6078.2,4,6078.3,1
2023-05-16 09:34:55,6077.4,348,6077.2,2,6078.2,4,6078.54,1
2023-05-16 09:34:55,6077.4,348,6077.6,1,6078.2,4,6078.620000000001,1
2023-05-16 09:34:56,6077.4,348,6077.6,1,6078.2,4,6078.7,1
2023-05-16 09:34:56,6077.4,348,6077.6,1,6078.0,1,6078.780000000001,1
2023-05-16 09:34:57,6077.6,350,6077.4,1,6078.2,4,6078.84,1
2023-05-16 09:34:57,6077.6,355,6077.6,1,6078.8,1,6078.9,1
2023-05-16 09:34:58,6078.8,356,6078.2,1,6080.0,1,6078.84,1
2023-05-16 09:34:58,6079.8,357,6078.2,1,6080.0,1,6078.68,0
2023-05-16 09:34:59,6079.8,357,6078.6,3,6080.4,1,6078.52,0
2023-05-16 09:34:59,6079.8,357,6077.8,1,6080.0,2,6078.58,0
2023-05-16 09:35:00,6079.8,357,6078.0,4,6079.4,1,6078.52,0
2023-05-16 09:35:00,6078.2,358,6078.2,1,6079.4,1,6078.62,1
2023-05-16 09:35:01,6078.2,359,6078.4,1,6079.8,1,6078.8,1
2023-05-16 09:35:01,6078.2,359,6078.2,1,6079.6,1,6078.9800000000005,1
2023-05-16 09:35:02,6078.2,359,6078.6,1,6079.6,1,6079.2,1
2023-05-16 09:35:02,6078.2,359,6078.8,1,6080.6,1,6079.42,1
2023-05-16 09:35:03,6078.2,359,6079.2,1,6080.4,1,6079.639999999999,1
2023-05-16 09:35:03,6078.2,359,6079.2,1,6080.6,1,6079.86,1
2023-05-16 09:35:04,6078.2,359,6078.8,1,6080.6,1,6080.2,1
2023-05-16 09:35:04,6080.4,361,6079.0,1,6080.4,1,6080.26,0
2023-05-16 09:35:05,6079.2,364,6079.0,1,6081.2,1,6080.44,1
2023-05-16 09:35:05,6079.2,364,6079.8,1,6081.0,2,6080.62,1
2023-05-16 09:35:06,6080.0,367,6080.0,1,6082.2,1,6080.719999999999,1
2023-05-16 09:35:06,6080.0,367,6080.4,3,6083.2,1,6080.82,1
2023-05-16 09:35:07,6080.4,368,6080.2,4,6080.4,1,6080.879999999999,1
2023-05-16 09:35:07,6080.4,369,6080.4,3,6082.4,2,6080.88,1
2023-05-16 09:35:08,6080.4,369,6080.4,2,6082.0,3,6080.88,1
2023-05-16 09:35:08,6080.4,369,6080.6,1,6081.8,1,6080.879999999999,1
2023-05-16 09:35:09,6081.6,370,6080.6,1,6082.2,1,6080.76,0
2023-05-16 09:35:09,6081.0,371,6081.0,1,6083.0,2,6080.7,0
2023-05-16 09:35:10,6081.0,371,6081.2,1,6082.8,1,6080.64,0
2023-05-16 09:35:10,6081.0,371,6081.0,1,6082.6,1,6080.5,0
2023-05-16 09:35:11,6081.0,372,6080.8,2,6082.6,1,6080.32,0
2023-05-16 09:35:11,6081.0,372,6081.0,1,6082.2,1,6080.14,0
2023-05-16 09:35:12,6081.0,372,6080.4,2,6081.0,1,6079.96,0
2023-05-16 09:35:12,6080.4,375,6080.4,1,6081.0,1,6079.839999999999,0
2023-05-16 09:35:13,6080.4,375,6080.4,1,6080.8,1,6079.66,0
2023-05-16 09:35:13,6080.4,375,6080.4,1,6080.8,1,6079.42,0
2023-05-16 09:35:14,6080.4,376,6079.4,1,6080.6,1,6079.16,0
2023-05-16 09:35:14,6080.4,378,6079.4,1,6080.6,1,6078.84,0
2023-05-16 09:35:15,6080.4,378,6079.6,1,6080.4,1,6078.52,0
2023-05-16 09:35:15,6079.6,379,6078.8,1,6080.2,1,6078.28,0
2023-05-16 09:35:16,6079.2,380,6078.8,1,6080.0,1,6078.14,0
2023-05-16 09:35:16,6079.2,380,6077.8,2,6080.0,1,6078.039999999999,0
2023-05-16 09:35:17,6079.2,380,6078.2,1,6080.0,1,6077.9400000000005,0
2023-05-16 09:35:17,6079.2,380,6078.6,1,6079.8,1,6077.84,0
2023-05-16 09:35:18,6078.6,381,6078.0,3,6079.8,1,6077.8,0
2023-05-16 09:35:18,6078.0,382,6077.4,1,6079.4,2,6077.82,0
2023-05-16 09:35:19,6077.8,385,6077.2,2,6078.8,1,6077.86,1
2023-05-16 09:35:19,6077.2,387,6076.0,1,6077.8,1,6077.92,1
2023-05-16 09:35:20,6077.2,387,6076.2,1,6077.2,1,6077.9800000000005,1
2023-05-16 09:35:20,6077.2,388,6076.2,1,6077.6,2,6078.04,1
2023-05-16 09:35:21,6077.8,389,6076.4,4,6078.4,2,6078.08,1
2023-05-16 09:35:21,6078.2,390,6077.6,1,6079.2,1,6078.08,0
2023-05-16 09:35:22,6078.2,390,6077.6,1,6079.2,1,6078.08,0
2023-05-16 09:35:22,6078.2,390,6078.0,1,6079.6,1,6078.08,0
2023-05-16 09:35:23,6078.2,390,6077.8,1,6079.2,2,6078.08,0
2023-05-16 09:35:23,6078.2,390,6078.2,1,6078.8,1,6078.179999999999,0
2023-05-16 09:35:24,6078.2,391,6077.8,1,6078.6,2,6078.280000000001,1
2023-05-16 09:35:24,6077.8,392,6077.0,1,6078.4,1,6078.42,1
2023-05-16 09:35:25,6077.8,392,6077.2,2,6078.2,1,6078.56,1
2023-05-16 09:35:25,6077.8,392,6077.4,2,6078.2,1,6078.7,1
2023-05-16 09:35:26,6078.2,393,6077.6,2,6079.2,1,6078.8,1
2023-05-16 09:35:26,6078.2,393,6077.6,1,6078.2,1,6078.9,1
2023-05-16 09:35:27,6078.2,394,6077.6,1,6079.2,1,6079.0,1
2023-05-16 09:35:27,6078.2,394,6077.8,1,6079.2,1,6079.099999999999,1
2023-05-16 09:35:28,6078.2,394,6078.0,2,6079.2,1,6079.2,1
2023-05-16 09:35:28,6079.2,395,6078.0,1,6080.8,1,6079.2,0
2023-05-16 09:35:29,6079.2,395,6078.2,1,6080.4,2,6079.2,0
2023-05-16 09:35:29,6079.2,395,6078.4,1,6080.0,1,6079.2,0
2023-05-16 09:35:30,6079.2,395,6078.0,2,6079.6,1,6079.2,0
2023-05-16 09:35:30,6079.2,395,6078.2,1,6079.6,1,6079.179999999999,0
2023-05-16 09:35:31,6079.2,395,6078.2,1,6079.6,1,6079.16,0
2023-05-16 09:35:31,6079.2,395,6078.2,1,6079.2,1,6079.2,0
2023-05-16 09:35:32,6079.2,395,6078.2,1,6079.0,1,6079.24,1
2023-05-16 09:35:32,6079.2,395,6078.2,1,6079.0,1,6079.280000000001,1
2023-05-16 09:35:33,6079.2,395,6078.2,1,6080.0,1,6079.219999999999,1
2023-05-16 09:35:33,6079.2,395,6079.0,2,6079.6,1,6079.160000000001,0
2023-05-16 09:35:34,6079.2,395,6079.0,2,6080.0,1,6079.1,0
2023-05-16 09:35:34,6079.2,395,6079.0,2,6080.0,2,6079.04,0
2023-05-16 09:35:35,6079.2,395,6079.0,3,6080.0,2,6078.9800000000005,0
2023-05-16 09:35:35,6079.0,398,6078.4,3,6080.0,2,6078.92,0
2023-05-16 09:35:36,6079.0,398,6078.4,5,6079.6,1,6078.860000000001,0
2023-05-16 09:35:36,6079.6,399,6078.6,2,6080.0,3,6078.74,0
2023-05-16 09:35:37,6079.6,399,6078.6,1,6080.0,3,6078.62,0
2023-05-16 09:35:37,6079.6,399,6078.6,1,6080.0,3,6078.5,0
2023-05-16 09:35:38,6078.6,400,6078.4,4,6078.6,4,6078.5,0
2023-05-16 09:35:38,6078.6,401,6078.4,2,6078.6,3,6078.5,0
2023-05-16 09:35:39,6078.6,404,6078.6,5,6080.0,3,6078.5,0
2023-05-16 09:35:39,6078.6,404,6078.8,1,6080.0,2,6078.5,0
2023-05-16 09:35:40,6078.6,404,6078.8,1,6080.0,2,6078.5,0
2023-05-16 09:35:40,6078.4,409,6078.0,1,6080.0,2,6078.54,1
2023-05-16 09:35:41,6078.4,409,6078.6,2,6079.8,2,6078.52,1
2023-05-16 09:35:41,6078.4,409,6078.2,2,6079.6,1,6078.500000000001,1
2023-05-16 09:35:42,6078.4,409,6078.2,2,6078.6,5,6078.4800000000005,1
2023-05-16 09:35:42,6078.4,409,6078.4,1,6078.6,5,6078.46,1
2023-05-16 09:35:43,6078.6,414,6078.6,1,6079.8,2,6078.360000000001,0
2023-05-16 09:35:43,6078.6,414,6078.8,6,6079.8,2,6078.26,0
2023-05-16 09:35:44,6078.6,419,6078.8,3,6079.8,1,6078.14,0
2023-05-16 09:35:45,6078.6,419,6078.8,3,6079.8,1,6078.02,0
2023-05-16 09:35:45,6078.6,419,6078.8,3,6079.4,1,6077.9800000000005,0
2023-05-16 09:35:46,6078.8,422,6078.2,2,6079.4,1,6077.92,0
2023-05-16 09:35:46,6078.2,423,6078.2,1,6079.2,2,6077.92,0
2023-05-16 09:35:47,6078.2,423,6078.2,1,6079.2,2,6077.839999999999,0
2023-05-16 09:35:47,6078.2,425,6078.0,2,6079.2,2,6077.76,0
2023-05-16 09:35:48,6078.2,425,6078.0,2,6078.8,1,6077.68,0
2023-05-16 09:35:49,6077.6,428,6077.2,1,6078.6,1,6077.639999999999,1
2023-05-16 09:35:49,6077.6,428,6077.4,2,6078.4,2,6077.6,0
2023-05-16 09:35:50,6077.4,430,6077.0,1,6078.0,1,6077.58,1
2023-05-16 09:35:50,6077.4,430,6077.0,1,6078.0,1,6077.56,1
2023-05-16 09:35:51,6078.2,431,6077.0,1,6078.6,1,6077.46,0
2023-05-16 09:35:51,6078.2,431,6077.0,1,6078.4,2,6077.34,0
2023-05-16 09:35:52,6078.2,431,6077.0,1,6078.6,1,6077.219999999999,0
2023-05-16 09:35:52,6077.4,432,6077.2,2,6079.4,1,6077.16,0
2023-05-16 09:35:53,6077.4,432,6077.2,2,6079.2,5,6077.1,0
2023-05-16 09:35:53,6077.4,432,6077.2,3,6079.2,5,6077.039999999999,0
2023-05-16 09:35:54,6077.2,436,6077.0,2,6077.2,1,6077.0,0
2023-05-16 09:35:54,6077.2,437,6077.4,2,6079.2,3,6076.960000000001,0
2023-05-16 09:35:55,6077.2,437,6077.0,2,6078.8,1,6076.96,0
2023-05-16 09:35:55,6077.2,437,6077.0,2,6078.6,2,6076.92,0
2023-05-16 09:35:56,6077.2,437,6077.0,2,6077.4,5,6076.879999999999,0
2023-05-16 09:35:56,6077.0,438,6077.0,1,6077.4,5,6076.86,0
2023-05-16 09:35:57,6077.0,439,6076.8,2,6077.4,5,6076.84,0
2023-05-16 09:35:57,6076.8,440,6076.8,1,6077.0,1,6076.84,1
2023-05-16 09:35:58,6076.8,441,6075.4,1,6076.8,1,6076.84,1
2023-05-16 09:35:58,6076.8,441,6075.0,2,6076.6,2,6076.840000000001,1
2023-05-16 09:35:59,6076.8,441,6075.4,1,6076.4,1,6076.84,1
2023-05-16 09:35:59,6076.8,441,6077.2,1,6078.4,1,6076.84,1
2023-05-16 09:36:00,6077.2,442,6076.0,2,6076.8,2,6076.820000000001,0
2023-05-16 09:36:00,6076.8,445,6076.4,3,6078.2,2,6076.84,1
2023-05-16 09:36:01,6076.8,445,6076.6,1,6078.2,2,6076.8,0
2023-05-16 09:36:01,6076.8,445,6076.4,2,6078.0,5,6076.76,0
2023-05-16 09:36:02,6076.8,445,6076.4,2,6077.2,1,6076.679999999999,0
2023-05-16 09:36:03,6076.8,445,6076.4,2,6077.2,1,6076.72,0
2023-05-16 09:36:03,6076.8,445,6076.6,4,6077.2,1,6076.76,0
2023-05-16 09:36:05,6076.8,445,6076.6,4,6077.2,1,6076.9400000000005,1
2023-05-16 09:36:06,6076.8,445,6076.8,4,6077.2,1,6077.12,1
2023-05-16 09:36:08,6076.8,446,6076.8,3,6077.0,1,6077.3,1
2023-05-16 09:36:09,6077.0,447,6077.0,1,6077.2,1,6077.46,1
2023-05-16 09:36:10,6077.0,448,6076.8,1,6077.0,3,6077.62,1
2023-05-16 09:36:10,6076.4,451,6075.0,3,6076.6,2,6077.840000000001,1
2023-05-16 09:36:11,6076.4,451,6075.2,2,6076.2,1,6078.06,1
2023-05-16 09:36:11,6076.0,452,6075.4,3,6077.2,1,6078.320000000001,1
2023-05-16 09:36:12,6077.2,453,6075.8,1,6078.0,1,6078.46,1
2023-05-16 09:36:12,6077.2,453,6076.4,2,6077.8,1,6078.6,1
2023-05-16 09:36:13,6078.6,456,6077.6,2,6079.2,2,6078.6,0
2023-05-16 09:36:13,6078.6,456,6077.8,2,6079.2,1,6078.6,0
2023-05-16 09:36:14,6078.6,456,6077.8,2,6079.2,1,6078.6,0
2023-05-16 09:36:14,6078.6,456,6077.8,2,6078.8,1,6078.6,0
2023-05-16 09:36:15,6078.6,456,6077.6,2,6078.6,1,6078.620000000001,1
2023-05-16 09:36:15,6078.6,456,6077.6,2,6078.4,1,6078.640000000001,1
2023-05-16 09:36:16,6078.6,456,6077.6,2,6078.6,1,6078.7,1
2023-05-16 09:36:16,6078.6,456,6077.6,2,6078.6,1,6078.76,1
2023-05-16 09:36:17,6078.6,456,6077.8,2,6078.6,1,6078.820000000001,1
2023-05-16 09:36:18,6078.6,456,6077.6,2,6078.6,1,6078.9400000000005,1
2023-05-16 09:36:18,6078.6,456,6077.8,2,6078.6,1,6079.08,1
2023-05-16 09:36:19,6078.6,457,6077.8,2,6079.2,1,6079.219999999999,1
2023-05-16 09:36:19,6078.6,457,6077.8,2,6078.8,1,6079.460000000001,1
2023-05-16 09:36:20,6078.6,457,6077.8,2,6078.8,1,6079.7,1
2023-05-16 09:36:20,6078.8,458,6078.0,1,6079.2,1,6079.92,1
2023-05-16 09:36:21,6078.8,458,6078.4,2,6079.2,1,6080.139999999999,1
2023-05-16 09:36:21,6079.2,459,6078.8,1,6079.8,1,6080.24,1
2023-05-16 09:36:22,6079.2,459,6079.0,2,6079.8,1,6080.339999999999,1
2023-05-16 09:36:22,6079.2,459,6079.2,1,6079.8,1,6080.4400000000005,1
2023-05-16 09:36:23,6079.8,460,6079.2,1,6080.0,1,6080.4800000000005,1
2023-05-16 09:36:23,6080.0,461,6080.0,1,6081.0,1,6080.5,1
2023-05-16 09:36:24,6080.0,461,6080.0,1,6081.0,1,6080.52,1
2023-05-16 09:36:24,6081.0,462,6081.0,1,6081.8,1,6080.44,0
2023-05-16 09:36:25,6081.0,462,6080.2,5,6083.2,1,6080.359999999999,0
2023-05-16 09:36:25,6081.0,462,6080.4,1,6081.0,1,6080.28,0
2023-05-16 09:36:26,6081.0,464,6080.2,1,6082.4,1,6080.2,0
2023-05-16 09:36:26,6080.2,465,6079.2,1,6081.8,2,6080.2,0
2023-05-16 09:36:27,6080.2,465,6079.4,1,6081.4,1,6080.2,0
2023-05-16 09:36:27,6080.2,465,6079.4,1,6081.0,2,6080.199999999999,0
2023-05-16 09:36:28,6080.2,465,6079.2,1,6080.6,1,6080.2,0
2023-05-16 09:36:28,6080.2,465,6079.2,1,6080.4,2,6080.18,0
2023-05-16 09:36:29,6080.2,465,6079.2,1,6080.2,2,6080.16,0
2023-05-16 09:36:29,6080.2,465,6079.2,1,6080.2,2,6080.18,0
2023-05-16 09:36:30,6080.2,465,6079.2,1,6080.2,1,6080.2,0
2023-05-16 09:36:30,6080.2,465,6079.2,1,6080.4,4,6080.219999999999,1
2023-05-16 09:36:31,6080.2,465,6079.2,1,6080.4,4,6080.24,1
2023-05-16 09:36:31,6080.2,465,6079.2,1,6080.4,4,6080.259999999999,1
2023-05-16 09:36:33,6080.2,465,6079.2,1,6080.2,1,6080.28,1
2023-05-16 09:36:33,6080.2,466,6079.2,1,6080.2,1,6080.3,1
2023-05-16 09:36:34,6080.2,466,6080.0,1,6080.2,1,6080.32,1
2023-05-16 09:36:34,6080.0,467,6079.2,1,6080.4,2,6080.359999999999,1
2023-05-16 09:36:35,6080.0,467,6079.2,1,6080.4,3,6080.4,1
2023-05-16 09:36:36,6080.4,468,6078.2,1,6080.4,2,6080.4,0
2023-05-16 09:36:36,6080.4,468,6079.0,1,6080.4,2,6080.4,0
2023-05-16 09:36:37,6080.4,468,6078.4,3,6080.2,1,6080.4,0
2023-05-16 09:36:37,6080.4,469,6078.8,1,6080.4,1,6080.4,0
2023-05-16 09:36:38,6080.4,469,6078.4,3,6080.4,1,6080.219999999999,0
2023-05-16 09:36:38,6080.4,469,6078.4,3,6080.2,3,6080.02,0
2023-05-16 09:36:39,6080.4,469,6078.4,1,6080.2,4,6079.82,0
2023-05-16 09:36:39,6080.4,469,6078.0,1,6080.0,2,6079.62,0
2023-05-16 09:36:40,6080.4,469,6078.0,1,6079.6,1,6079.42,0
2023-05-16 09:36:40,6080.4,469,6078.0,1,6078.8,1,6079.219999999999,0
2023-05-16 09:36:41,6080.4,469,6077.6,3,6078.6,1,6079.02,0
2023-05-16 09:36:41,6080.4,469,6077.6,3,6078.4,1,6078.9,0
2023-05-16 09:36:42,6080.4,469,6077.6,3,6078.6,1,6078.759999999999,0
2023-05-16 09:36:42,6080.4,469,6077.6,3,6078.6,1,6078.62,0
2023-05-16 09:36:43,6078.6,470,6077.6,3,6078.6,1,6078.659999999999,1
2023-05-16 09:36:43,6078.4,472,6077.6,3,6079.6,1,6078.719999999999,1
2023-05-16 09:36:44,6078.4,472,6077.6,3,6079.2,1,6078.78,1
2023-05-16 09:36:45,6078.4,472,6078.6,1,6079.2,1,6078.839999999999,1
2023-05-16 09:36:46,6078.4,472,6078.6,1,6079.6,1,6078.9,1
2023-05-16 09:36:46,6078.4,472,6078.6,1,6079.4,1,6078.96,1
2023-05-16 09:36:49,6078.4,472,6079.2,1,6079.6,1,6079.02,1
2023-05-16 09:36:50,6079.2,473,6078.6,1,6079.0,1,6078.960000000001,0
2023-05-16 09:36:50,6079.0,474,6078.6,1,6079.6,1,6078.92,0
2023-05-16 09:36:51,6079.0,474,6078.8,3,6079.0,1,6078.88,0
2023-05-16 09:36:51,6079.0,475,6078.8,3,6079.6,1,6078.84,0
2023-05-16 09:36:52,6079.0,475,6078.8,2,6079.6,1,6078.76,0
2023-05-16 09:36:52,6079.0,475,6078.8,2,6079.6,1,6078.68,0
2023-05-16 09:36:53,6079.0,475,6078.6,1,6079.4,1,6078.58,0
2023-05-16 09:36:53,6079.0,475,6078.6,1,6079.4,1,6078.4800000000005,0
2023-05-16 09:36:54,6079.0,475,6078.6,1,6079.2,4,6078.38,0
2023-05-16 09:36:54,6079.0,475,6078.6,1,6079.2,3,6078.280000000001,0
2023-05-16 09:36:55,6078.6,476,6078.0,1,6079.2,2,6078.179999999999,0
2023-05-16 09:36:55,6078.6,476,6078.0,1,6079.2,2,6078.08,0
2023-05-16 09:36:56,6078.6,476,6078.0,1,6078.2,1,6077.9800000000005,0
2023-05-16 09:36:58,6078.6,476,6078.0,1,6078.2,1,6077.88,0
2023-05-16 09:36:58,6078.2,477,6078.0,1,6079.4,1,6077.82,0
2023-05-16 09:36:59,6078.2,477,6078.0,1,6079.4,1,6077.76,0
2023-05-16 09:36:59,6078.0,478,6077.6,3,6078.0,4,6077.72,0
2023-05-16 09:37:00,6078.0,482,6077.6,3,6079.4,1,6077.780000000001,0
2023-05-16 09:37:00,6078.0,482,6077.6,3,6079.2,1,6077.84,0
2023-05-16 09:37:01,6078.0,482,6077.6,3,6079.0,3,6077.900000000001,0
2023-05-16 09:37:01,6077.6,485,6076.6,1,6078.6,1,6078.000000000001,1
2023-05-16 09:37:02,6077.6,485,6076.8,2,6078.2,2,6078.1,1
2023-05-16 09:37:02,6077.6,485,6075.6,1,6078.0,1,6078.2,1
2023-05-16 09:37:03,6077.6,485,6076.0,3,6077.8,1,6078.18,1
2023-05-16 09:37:03,6077.6,485,6076.4,1,6078.4,1,6078.160000000001,1
2023-05-16 09:37:04,6077.6,485,6076.6,3,6078.2,1,6078.14,1
2023-05-16 09:37:04,6077.6,485,6076.8,1,6078.4,1,6078.12,1
2023-05-16 09:37:05,6078.6,487,6076.8,1,6078.4,1,6078.0,0
2023-05-16 09:37:05,6078.6,487,6077.2,1,6078.4,1,6077.88,0
2023-05-16 09:37:06,6078.6,487,6077.2,1,6078.4,1,6077.639999999999,0
2023-05-16 09:37:06,6078.6,487,6077.4,1,6078.4,5,6077.4,0
2023-05-16 09:37:07,6078.6,487,6077.8,1,6078.4,5,6077.14,0
2023-05-16 09:37:07,6078.6,487,6077.4,1,6078.4,5,6076.88,0
2023-05-16 09:37:08,6077.4,488,6076.8,1,6078.0,1,6076.74,0
2023-05-16 09:37:08,6077.4,488,6076.2,2,6077.6,1,6076.6,0
2023-05-16 09:37:09,6077.4,488,6076.2,2,6078.2,2,6076.46,0
2023-05-16 09:37:09,6077.4,488,6076.4,1,6078.0,2,6076.320000000001,0
2023-05-16 09:37:10,6077.4,488,6076.4,1,6078.0,2,6076.18,0
2023-05-16 09:37:10,6077.4,488,6076.2,1,6077.8,1,6076.04,0
2023-05-16 09:37:11,6076.2,489,6076.0,3,6077.6,2,6076.02,0
2023-05-16 09:37:11,6076.2,489,6076.0,1,6077.2,1,6076.0,0
2023-05-16 09:37:12,6076.0,490,6075.0,3,6076.8,1,6076.0,0
2023-05-16 09:37:12,6076.0,490,6075.0,3,6076.6,1,6076.0,0
2023-05-16 09:37:13,6076.0,490,6075.2,1,6076.6,1,6076.0,0
2023-05-16 09:37:13,6076.0,490,6075.2,1,6076.4,1,6075.94,0
2023-05-16 09:37:14,6076.0,490,6075.4,2,6076.4,1,6075.879999999999,0
2023-05-16 09:37:15,6076.0,490,6075.2,1,6076.4,1,6075.82,0
2023-05-16 09:37:15,6076.0,490,6075.4,1,6076.0,1,6075.719999999999,0
2023-05-16 09:37:16,6076.0,490,6075.4,1,6076.0,1,6075.62,0
2023-05-16 09:37:16,6076.0,490,6075.0,3,6075.8,1,6075.52,0
2023-05-16 09:37:17,6076.0,490,6075.0,3,6075.6,1,6075.5,0
2023-05-16 09:37:17,6076.0,490,6075.0,3,6075.6,2,6075.46,0
2023-05-16 09:37:18,6076.0,490,6075.0,3,6075.8,1,6075.42,0
2023-05-16 09:37:18,6076.0,490,6075.2,3,6075.4,1,6075.46,0
2023-05-16 09:37:19,6075.4,491,6075.4,1,6075.8,1,6075.56,1
2023-05-16 09:37:19,6075.4,491,6075.2,1,6075.8,1,6075.66,1
2023-05-16 09:37:20,6075.4,491,6075.0,3,6075.2,1,6075.76,1
2023-05-16 09:37:20,6075.0,493,6075.0,2,6075.8,1,6075.9,1
2023-05-16 09:37:21,6075.0,493,6075.0,2,6075.8,1,6076.039999999999,1
2023-05-16 09:37:22,6075.0,493,6075.0,2,6075.8,1,6076.2,1
2023-05-16 09:37:22,6075.8,494,6075.2,1,6076.0,2,6076.28,1
2023-05-16 09:37:23,6075.6,495,6075.4,3,6076.0,2,6076.379999999999,1
2023-05-16 09:37:23,6075.6,496,6075.8,4,6076.0,2,6076.6,1
2023-05-16 09:37:24,6076.4,499,6076.0,1,6078.4,1,6076.74,1
2023-05-16 09:37:24,6076.4,499,6075.8,2,6078.0,5,6076.88,1
2023-05-16 09:37:25,6076.4,499,6075.8,2,6077.4,1,6077.02,1
2023-05-16 09:37:25,6076.4,499,6075.8,1,6077.0,1,6077.16,1
2023-05-16 09:37:26,6076.4,499,6075.0,3,6076.8,1,6077.3,1
2023-05-16 09:37:26,6076.4,499,6075.2,4,6076.8,1,6077.4400000000005,1
2023-05-16 09:37:27,6076.6,500,6075.6,2,6078.0,4,6077.58,1
2023-05-16 09:37:27,6076.6,500,6075.8,1,6077.8,2,6077.72,1
2023-05-16 09:37:28,6076.6,500,6076.0,1,6077.8,2,6077.860000000001,1
2023-05-16 09:37:28,6077.8,501,6076.2,1,6078.0,2,6077.88,1
2023-05-16 09:37:29,6077.8,501,6076.4,1,6078.0,2,6077.94,1
2023-05-16 09:37:29,6077.8,501,6076.4,1,6078.4,1,6078.0,1
2023-05-16 09:37:30,6077.8,501,6076.4,1,6078.2,1,6078.06,1
2023-05-16 09:37:30,6077.8,501,6076.6,1,6078.4,1,6078.120000000001,1
2023-05-16 09:37:31,6077.8,501,6076.8,1,6078.4,1,6078.179999999999,1
2023-05-16 09:37:31,6077.8,501,6078.0,1,6078.2,2,6078.199999999999,1
2023-05-16 09:37:32,6078.0,502,6076.4,1,6078.0,1,6078.199999999999,1
2023-05-16 09:37:32,6078.0,502,6076.4,1,6078.2,2,6078.199999999999,1
2023-05-16 09:37:33,6078.0,502,6076.4,1,6078.0,1,6078.199999999999,1
2023-05-16 09:37:34,6078.0,503,6078.0,1,6078.4,1,6078.199999999999,1
2023-05-16 09:37:35,6078.4,504,6078.0,1,6078.8,1,6078.16,0
2023-05-16 09:37:35,6078.4,504,6078.0,1,6079.0,3,6078.12,0
2023-05-16 09:37:36,6078.4,504,6078.2,2,6079.0,3,6078.08,0
2023-05-16 09:37:36,6078.4,504,6078.0,2,6079.0,3,6078.039999999999,0
2023-05-16 09:37:37,6078.4,504,6078.0,2,6078.8,5,6078.0,0
2023-05-16 09:37:37,6078.0,505,6078.0,1,6078.8,3,6078.0,0
2023-05-16 09:37:38,6078.0,506,6076.4,1,6078.8,3,6078.0,0
2023-05-16 09:37:38,6078.0,506,6076.8,1,6078.8,2,6078.0,0
2023-05-16 09:37:39,6078.0,506,6077.0,1,6078.0,1,6078.0,0
2023-05-16 09:37:39,6078.0,506,6077.0,1,6078.0,1,6078.0,0
2023-05-16 09:37:40,6078.0,506,6076.4,1,6077.6,2,6078.0,0
2023-05-16 09:37:40,6078.0,506,6075.8,1,6077.8,1,6077.9,0
2023-05-16 09:37:41,6078.0,506,6076.0,2,6078.0,1,6077.8,0
2023-05-16 09:37:41,6078.0,506,6076.2,1,6078.0,1,6077.6,0
2023-05-16 09:37:42,6078.0,506,6076.6,1,6078.0,1,6077.4,0
2023-05-16 09:37:42,6078.0,506,6076.6,1,6078.0,1,6077.2,0
2023-05-16 09:37:43,6078.0,506,6076.4,1,6078.0,1,6077.0,0
2023-05-16 09:37:43,6078.0,506,6076.6,1,6078.0,1,6076.8,0
2023-05-16 09:37:44,6078.0,506,6076.8,1,6078.0,1,6076.6,0
2023-05-16 09:37:44,6078.0,506,6077.0,1,6078.0,1,6076.4,0
2023-05-16 09:37:45,6078.0,506,6077.0,1,6078.0,1,6076.2,0
2023-05-16 09:37:45,6077.0,507,6076.8,1,6078.0,1,6076.1,0
2023-05-16 09:37:46,6077.0,507,6076.6,1,6077.6,1,6076.0,0
2023-05-16 09:37:46,6076.0,508,6075.4,1,6076.0,1,6076.0,0
2023-05-16 09:37:47,6076.0,509,6076.0,1,6078.0,1,6076.0,0
2023-05-16 09:37:47,6076.0,509,6075.8,1,6077.6,3,6076.0,0
2023-05-16 09:37:48,6076.0,509,6075.8,1,6077.4,1,6076.0,0
2023-05-16 09:37:48,6076.0,509,6075.8,1,6077.2,3,6076.0,0
2023-05-16 09:37:49,6076.0,509,6075.8,1,6077.2,3,6076.0,0
2023-05-16 09:37:49,6076.0,509,6075.8,1,6077.2,1,6076.0,0
2023-05-16 09:37:50,6076.0,509,6075.8,1,6077.4,1,6076.0,0
2023-05-16 09:37:50,6076.0,509,6075.8,1,6077.2,3,6076.0,0
2023-05-16 09:37:51,6076.0,509,6075.8,1,6077.0,1,6076.0,0
2023-05-16 09:37:52,6076.0,509,6075.8,1,6076.8,1,6076.0,0
2023-05-16 09:37:52,6076.0,509,6075.8,1,6076.8,1,6076.0,0
2023-05-16 09:37:53,6076.0,509,6075.8,1,6077.6,2,6075.9800000000005,0
2023-05-16 09:37:53,6076.0,509,6075.8,1,6077.6,2,6075.960000000001,0
2023-05-16 09:37:54,6076.0,509,6075.8,1,6077.6,2,6075.860000000001,0
2023-05-16 09:37:55,6076.0,509,6075.8,1,6077.6,2,6075.76,0
2023-05-16 09:37:55,6076.0,509,6075.8,1,6077.4,1,6075.660000000001,0
2023-05-16 09:37:56,6076.0,509,6075.8,1,6077.4,1,6075.54,0
2023-05-16 09:37:56,6076.0,509,6075.8,1,6077.2,2,6075.360000000001,0
2023-05-16 09:37:57,6076.0,509,6075.8,1,6077.0,1,6075.18,0
2023-05-16 09:37:57,6076.0,509,6075.8,1,6076.8,3,6075.0,0
2023-05-16 09:37:58,6076.0,509,6075.8,1,6076.8,3,6074.820000000001,0
2023-05-16 09:37:58,6075.8,510,6075.0,4,6076.6,1,6074.66,0
2023-05-16 09:37:59,6075.8,510,6075.2,2,6076.4,1,6074.46,0
2023-05-16 09:37:59,6075.0,511,6075.0,3,6076.2,1,6074.339999999999,0
2023-05-16 09:38:00,6075.0,511,6075.0,3,6076.2,2,6074.219999999999,0
2023-05-16 09:38:00,6075.0,512,6075.0,2,6076.2,2,6074.06,0
2023-05-16 09:38:01,6074.8,515,6074.2,1,6075.8,1,6073.9,0
2023-05-16 09:38:01,6074.2,516,6073.2,2,6075.4,3,6073.8,0
2023-05-16 09:38:02,6074.2,516,6073.2,2,6075.0,1,6073.7,0
2023-05-16 09:38:02,6074.2,516,6073.4,2,6074.0,1,6073.64,0
2023-05-16 09:38:03,6074.2,516,6073.6,1,6075.0,1,6073.58,0
2023-05-16 09:38:03,6074.2,516,6073.6,1,6073.8,1,6073.52,0
2023-05-16 09:38:04,6073.8,517,6073.8,2,6075.2,2,6073.5,0
2023-05-16 09:38:04,6073.8,517,6074.0,1,6074.8,1,6073.4800000000005,0
2023-05-16 09:38:05,6073.8,518,6073.2,1,6074.8,2,6073.46,0
2023-05-16 09:38:05,6073.4,520,6073.4,1,6074.6,2,6073.42,1
2023-05-16 09:38:06,6073.2,522,6072.4,1,6074.0,2,6073.38,1
2023-05-16 09:38:06,6073.2,522,6072.2,2,6073.6,1,6073.340000000001,1
2023-05-16 09:38:07,6073.2,522,6072.6,1,6073.4,1,6073.280000000001,1
2023-05-16 09:38:07,6073.6,524,6072.6,1,6074.0,3,6073.120000000001,0
2023-05-16 09:38:08,6073.6,524,6073.0,1,6074.0,3,6072.960000000001,0
2023-05-16 09:38:08,6073.6,524,6073.0,1,6073.4,4,6072.8,0
2023-05-16 09:38:09,6073.6,524,6073.0,1,6073.4,4,6072.64,0
2023-05-16 09:38:09,6073.6,524,6073.0,1,6073.4,4,6072.4400000000005,0
2023-05-16 09:38:10,6073.6,524,6073.0,1,6073.2,1,6072.24,0
2023-05-16 09:38:10,6073.0,525,6072.8,2,6073.2,1,6072.1,0
2023-05-16 09:38:11,6072.8,526,6072.8,1,6073.2,1,6071.9400000000005,0
2023-05-16 09:38:12,6072.8,527,6072.6,2,6073.2,1,6071.78,0
2023-05-16 09:38:12,6072.6,529,6072.2,2,6073.0,5,6071.62,0
2023-05-16 09:38:13,6072.0,532,6072.2,2,6073.0,4,6071.42,0
2023-05-16 09:38:13,6072.0,532,6070.6,1,6072.8,1,6071.24,0
2023-05-16 09:38:14,6072.0,532,6071.0,1,6072.6,1,6071.14,0
2023-05-16 09:38:14,6072.0,532,6071.2,2,6072.2,1,6071.04,0
2023-05-16 09:38:15,6071.6,533,6071.2,2,6072.2,1,6070.9800000000005,0
2023-05-16 09:38:15,6071.6,533,6070.8,4,6072.0,1,6070.92,0
2023-05-16 09:38:16,6071.6,533,6070.8,4,6071.2,1,6070.9,0
2023-05-16 09:38:17,6071.2,534,6070.8,2,6072.2,2,6070.92,0
2023-05-16 09:38:17,6071.2,534,6070.8,2,6071.0,1,6070.820000000001,0
2023-05-16 09:38:18,6071.0,535,6071.0,1,6072.0,2,6070.74,0
2023-05-16 09:38:18,6070.0,538,6070.0,1,6072.0,4,6070.76,1
2023-05-16 09:38:19,6070.2,541,6070.0,1,6071.0,1,6070.76,1
2023-05-16 09:38:19,6071.0,542,6070.4,1,6072.0,2,6070.679999999999,0
2023-05-16 09:38:20,6071.0,542,6070.4,1,6071.8,2,6070.58,0
2023-05-16 09:38:20,6071.0,542,6070.0,1,6071.6,3,6070.48,0
2023-05-16 09:38:21,6071.0,542,6070.0,1,6071.6,3,6070.379999999999,0
2023-05-16 09:38:21,6071.4,543,6070.0,1,6071.4,1,6070.24,0
2023-05-16 09:38:22,6071.4,543,6070.0,1,6071.4,1,6070.1,0
2023-05-16 09:38:22,6070.2,544,6070.0,1,6071.6,1,6070.12,0
2023-05-16 09:38:23,6070.2,544,6070.0,1,6071.4,1,6070.08,0
2023-05-16 09:38:23,6070.2,544,6070.0,1,6071.4,1,6070.04,0
2023-05-16 09:38:24,6070.2,544,6070.0,1,6071.2,2,6070.0,0
2023-05-16 09:38:25,6070.2,544,6070.0,1,6071.0,3,6069.96,0
2023-05-16 09:38:26,6070.0,545,6069.0,1,6071.0,2,6069.9400000000005,0
2023-05-16 09:38:26,6070.0,545,6069.8,1,6071.0,2,6070.06,1
2023-05-16 09:38:27,6070.0,545,6069.8,1,6070.4,1,6070.2,1
2023-05-16 09:38:28,6070.0,545,6070.4,2,6071.4,2,6070.34,1
2023-05-16 09:38:28,6070.0,545,6070.4,2,6071.2,1,6070.4800000000005,1
2023-05-16 09:38:29,6070.4,547,6069.6,1,6069.8,1,6070.58,1
2023-05-16 09:38:29,6069.8,548,6069.8,2,6071.4,2,6070.74,1
2023-05-16 09:38:30,6069.8,548,6069.6,2,6071.2,1,6070.9,1
2023-05-16 09:38:30,6069.8,548,6069.8,1,6071.2,2,6071.06,1
2023-05-16 09:38:31,6069.8,548,6069.8,2,6071.2,1,6071.219999999999,1
2023-05-16 09:38:31,6069.8,548,6070.2,1,6071.2,1,6071.26,1
2023-05-16 09:38:32,6071.2,549,6070.8,1,6071.4,1,6071.16,0
2023-05-16 09:38:32,6071.4,550,6070.8,1,6071.6,1,6071.139999999999,0
2023-05-16 09:38:33,6071.4,550,6070.8,1,6071.4,2,6071.12,0
2023-05-16 09:38:33,6071.4,550,6071.0,2,6071.6,1,6071.099999999999,0
2023-05-16 09:38:34,6071.4,550,6070.8,1,6071.6,1,6070.96,0
2023-05-16 09:38:34,6071.4,550,6070.0,1,6071.4,3,6070.82,0
2023-05-16 09:38:35,6071.4,550,6070.2,1,6071.2,3,6070.679999999999,0
2023-05-16 09:38:36,6071.4,550,6070.2,1,6071.0,1,6070.539999999999,0
2023-05-16 09:38:36,6071.4,550,6070.2,1,6071.2,3,6070.4,0
2023-05-16 09:38:37,6070.2,551,6070.0,1,6071.2,2,6070.379999999999,1
2023-05-16 09:38:37,6070.2,551,6070.0,1,6071.4,3,6070.36,1
2023-05-16 09:38:38,6071.2,552,6070.0,1,6071.2,1,6070.139999999999,0
2023-05-16 09:38:38,6071.2,552,6070.0,1,6071.0,3,6069.84,0
2023-05-16 09:38:39,6071.2,552,6070.0,1,6071.0,3,6069.54,0
2023-05-16 09:38:40,6070.0,553,6069.2,1,6070.6,1,6069.36,0
2023-05-16 09:38:40,6070.0,553,6069.0,1,6070.2,1,6069.3,0
2023-05-16 09:38:41,6070.0,553,6069.0,1,6070.2,1,6069.24,0
2023-05-16 09:38:42,6070.0,553,6069.0,1,6070.2,1,6069.18,0
2023-05-16 09:38:43,6070.0,553,6069.0,1,6069.8,1,6069.12,0
2023-05-16 09:38:43,6070.0,553,6069.0,1,6070.0,1,6069.06,0
2023-05-16 09:38:44,6070.0,553,6069.0,1,6069.8,1,6069.0,0
2023-05-16 09:38:45,6069.0,554,6068.2,1,6069.4,1,6069.04,1
2023-05-16 09:38:45,6068.2,555,6067.2,1,6068.8,1,6069.159999999999,1
2023-05-16 09:38:46,6068.2,555,6067.4,1,6068.6,2,6069.28,1
2023-05-16 09:38:46,6068.2,555,6069.4,1,6070.0,1,6069.280000000001,1
2023-05-16 09:38:47,6069.4,556,6067.8,1,6069.6,1,6069.16,0
2023-05-16 09:38:47,6069.4,556,6068.0,1,6070.4,1,6069.039999999999,0
2023-05-16 09:38:48,6069.4,556,6068.2,3,6070.0,3,6068.92,0
2023-05-16 09:38:48,6069.4,556,6068.2,2,6070.0,3,6068.8,0
2023-05-16 09:38:49,6069.4,556,6068.2,1,6070.0,3,6068.74,0
2023-05-16 09:38:49,6069.4,556,6068.2,1,6070.0,3,6068.62,0
2023-05-16 09:38:50,6069.4,556,6068.0,2,6069.8,1,6068.499999999999,0
2023-05-16 09:38:50,6069.4,556,6068.0,2,6069.4,1,6068.38,0
2023-05-16 09:38:51,6069.4,556,6068.0,2,6068.2,1,6068.26,0
2023-05-16 09:38:51,6068.2,557,6068.2,1,6069.4,1,6068.379999999999,1
2023-05-16 09:38:52,6068.2,557,6068.2,1,6069.4,1,6068.56,1
2023-05-16 09:38:52,6068.2,557,6068.0,2,6069.4,1,6068.74,1
2023-05-16 09:38:53,6068.2,557,6068.0,2,6069.2,1,6069.0,1
2023-05-16 09:38:53,6068.2,557,6068.0,2,6068.8,1,6069.26,1
2023-05-16 09:38:54,6068.8,558,6068.0,2,6068.2,1,6069.46,1
2023-05-16 09:38:54,6068.2,559,6068.4,1,6069.2,1,6069.719999999999,1
2023-05-16 09:38:55,6068.2,559,6068.4,1,6069.0,1,6069.9800000000005,1
2023-05-16 09:38:55,6068.2,559,6068.2,1,6069.0,1,6070.06,1
2023-05-16 09:38:56,6068.2,559,6068.4,1,6069.0,1,6070.14,1
2023-05-16 09:38:56,6069.4,561,6068.4,1,6070.0,4,6070.3,1
2023-05-16 09:38:57,6070.0,564,6068.8,1,6071.0,2,6070.32,1
2023-05-16 09:38:57,6070.0,564,6069.0,2,6071.0,4,6070.34,1
2023-05-16 09:38:58,6070.8,565,6069.0,1,6070.8,2,6070.280000000001,0
2023-05-16 09:38:58,6070.8,565,6069.2,1,6071.0,4,6070.219999999999,0
2023-05-16 09:38:59,6070.8,565,6069.4,1,6071.0,3,6070.16,0
2023-05-16 09:38:59,6070.8,565,6069.8,1,6071.4,1,6069.9800000000005,0
2023-05-16 09:39:00,6070.8,565,6069.8,1,6071.4,1,6069.8,0
2023-05-16 09:39:00,6069.0,572,6068.6,1,6069.0,3,6069.8,1
2023-05-16 09:39:01,6069.0,575,6070.0,2,6071.4,1,6069.92,1
2023-05-16 09:39:01,6071.0,576,6070.4,1,6071.0,1,6069.9,0
2023-05-16 09:39:02,6070.2,578,6068.8,2,6071.0,1,6069.9800000000005,0
2023-05-16 09:39:02,6070.2,578,6069.0,2,6070.8,2,6070.06,0
2023-05-16 09:39:03,6070.2,578,6069.0,2,6070.6,1,6070.14,0
2023-05-16 09:39:03,6070.2,578,6069.0,2,6070.4,1,6070.219999999999,1
2023-05-16 09:39:04,6070.2,578,6069.0,2,6070.2,1,6070.3,1
2023-05-16 09:39:05,6069.0,580,6068.6,1,6070.2,1,6070.5,1
2023-05-16 09:39:05,6069.0,580,6068.8,1,6070.0,2,6070.7,1
2023-05-16 09:39:06,6069.0,580,6068.8,1,6070.2,1,6070.9,1
2023-05-16 09:39:06,6070.2,581,6070.2,1,6070.8,1,6070.9800000000005,1
2023-05-16 09:39:07,6070.8,582,6070.4,3,6071.0,1,6071.12,1
2023-05-16 09:39:07,6071.0,583,6071.0,1,6072.4,1,6071.24,1
2023-05-16 09:39:08,6071.0,583,6071.0,1,6072.4,2,6071.32,1
2023-05-16 09:39:08,6071.0,583,6071.0,1,6072.4,2,6071.4,1
2023-05-16 09:39:09,6071.0,583,6071.2,1,6072.4,2,6071.4800000000005,1
2023-05-16 09:39:09,6071.0,583,6071.4,1,6072.4,2,6071.56,1
2023-05-16 09:39:10,6071.0,583,6071.6,3,6072.4,2,6071.56,1
2023-05-16 09:39:11,6071.0,583,6071.6,3,6072.4,2,6071.54,1
2023-05-16 09:39:11,6071.0,583,6071.6,3,6072.2,3,6071.52,1
2023-05-16 09:39:12,6071.0,583,6071.6,3,6072.2,3,6071.5,1
2023-05-16 09:39:13,6072.2,584,6071.8,3,6072.4,2,6071.360000000001,0
2023-05-16 09:39:13,6072.2,584,6071.8,3,6072.2,1,6071.24,0
2023-05-16 09:39:14,6071.8,585,6071.8,2,6072.2,1,6071.160000000001,0
2023-05-16 09:39:14,6071.8,586,6071.8,1,6072.0,2,6071.08,0
2023-05-16 09:39:15,6071.8,586,6071.8,1,6072.0,3,6071.0,0
2023-05-16 09:39:15,6071.8,587,6071.0,1,6071.8,1,6070.92,0
2023-05-16 09:39:16,6071.0,588,6070.8,2,6071.8,1,6070.92,0
2023-05-16 09:39:16,6070.8,590,6068.8,1,6071.4,2,6070.9400000000005,1
2023-05-16 09:39:17,6070.8,590,6069.4,1,6071.2,1,6070.960000000001,1
2023-05-16 09:39:17,6070.8,590,6069.4,1,6071.2,1,6070.9800000000005,1
2023-05-16 09:39:18,6070.8,590,6069.8,1,6071.0,1,6071.0,1
2023-05-16 09:39:18,6071.0,591,6071.0,1,6071.2,1,6070.839999999999,0
2023-05-16 09:39:19,6071.0,591,6071.2,1,6071.6,1,6070.679999999999,0
2023-05-16 09:39:19,6071.0,591,6071.2,1,6071.6,1,6070.52,0
2023-05-16 09:39:20,6071.0,593,6069.6,1,6071.4,1,6070.4,0
2023-05-16 09:39:20,6071.0,593,6069.8,1,6071.2,2,6070.28,0
2023-05-16 09:39:21,6071.0,594,6069.4,1,6071.2,2,6070.08,0
2023-05-16 09:39:21,6071.0,594,6068.6,1,6071.0,2,6069.879999999999,0
2023-05-16 09:39:22,6071.0,594,6068.8,2,6070.8,1,6069.679999999999,0
2023-05-16 09:39:22,6071.0,594,6069.0,1,6070.8,1,6069.48,0
2023-05-16 09:39:23,6071.0,594,6069.4,1,6070.6,1,6069.24,0
2023-05-16 09:39:25,6069.4,595,6069.0,1,6070.6,1,6069.160000000001,0
2023-05-16 09:39:25,6069.4,595,6068.6,1,6070.6,1,6069.02,0
2023-05-16 09:39:26,6069.4,595,6069.8,3,6070.2,1,6068.88,0
2023-05-16 09:39:26,6069.8,598,6068.0,1,6069.6,1,6068.7,0
2023-05-16 09:39:27,6069.8,598,6068.0,1,6069.2,1,6068.52,0
2023-05-16 09:39:27,6069.0,599,6068.2,3,6069.0,1,6068.280000000001,0
2023-05-16 09:39:28,6069.0,600,6068.4,1,6069.0,1,6068.18,0
2023-05-16 09:39:28,6069.0,601,6068.6,1,6069.0,1,6068.08,0
2023-05-16 09:39:29,6069.0,601,6068.6,1,6068.8,1,6067.820000000001,0
2023-05-16 09:39:29,6068.6,602,6068.0,1,6069.0,1,6067.6,0
2023-05-16 09:39:30,6068.6,602,6068.0,1,6068.8,2,6067.379999999999,0
2023-05-16 09:39:31,6068.0,603,6066.6,1,6068.4,1,6067.219999999999,0
2023-05-16 09:39:31,6068.0,603,6068.0,1,6068.2,1,6067.06,0
2023-05-16 09:39:32,6068.0,604,6066.8,1,6067.8,1,6066.86,0
2023-05-16 09:39:32,6068.0,604,6066.2,1,6068.2,1,6066.66,0
2023-05-16 09:39:33,6066.6,605,6066.4,2,6068.8,2,6066.6,0
2023-05-16 09:39:33,6068.0,606,6066.4,2,6068.4,1,6066.4,0
2023-05-16 09:39:34,6068.0,606,6066.4,2,6068.2,1,6066.2,0
2023-05-16 09:39:34,6066.4,607,6066.4,1,6068.0,1,6066.16,0
2023-05-16 09:39:35,6066.4,607,6066.4,1,6067.8,1,6066.120000000001,0
2023-05-16 09:39:35,6066.4,607,6066.0,3,6067.8,1,6066.08,0
2023-05-16 09:39:36,6066.4,607,6066.0,4,6067.6,1,6066.04,0
2023-05-16 09:39:37,6066.4,607,6066.0,3,6067.6,1,6066.0,0
2023-05-16 09:39:37,6066.0,608,6066.0,2,6067.4,3,6066.0,0
2023-05-16 09:39:38,6066.0,608,6066.0,2,6067.2,2,6066.0,0
2023-05-16 09:39:38,6066.0,608,6066.0,2,6067.2,2,6066.12,1
2023-05-16 09:39:40,6066.0,608,6066.0,2,6067.4,1,6066.24,1
2023-05-16 09:39:40,6066.0,608,6066.2,1,6067.4,1,6066.379999999999,1
2023-05-16 09:39:41,6066.0,608,6066.0,2,6067.4,2,6066.56,1
2023-05-16 09:39:41,6066.0,608,6066.0,2,6067.2,1,6066.74,1
2023-05-16 09:39:42,6066.0,608,6066.0,2,6067.4,3,6066.879999999999,1
2023-05-16 09:39:43,6066.0,608,6066.0,2,6067.2,1,6067.02,1
2023-05-16 09:39:43,6066.0,608,6066.2,4,6067.2,1,6067.16,1
2023-05-16 09:39:44,6066.0,608,6066.2,4,6067.2,1,6067.32,1
2023-05-16 09:39:45,6066.0,608,6067.2,1,6067.4,3,6067.48,1
2023-05-16 09:39:45,6067.2,610,6067.2,2,6067.4,3,6067.52,1
2023-05-16 09:39:46,6067.2,613,6066.4,1,6067.4,3,6067.74,1
2023-05-16 09:39:47,6067.4,616,6066.4,1,6067.8,1,6067.9400000000005,1
2023-05-16 09:39:47,6067.8,617,6066.8,1,6068.6,1,6068.1,1
2023-05-16 09:39:48,6067.8,617,6067.2,1,6067.4,1,6068.26,1
2023-05-16 09:39:48,6067.4,618,6067.6,2,6069.4,1,6068.46,1
2023-05-16 09:39:49,6067.4,618,6068.0,3,6070.0,2,6068.66,1
2023-05-16 09:39:49,6067.4,618,6068.2,1,6069.6,1,6068.86,1
2023-05-16 09:39:50,6067.6,620,6067.2,1,6067.6,16,6068.879999999999,1
2023-05-16 09:39:50,6067.6,622,6067.4,1,6067.6,14,6068.9,1
2023-05-16 09:39:51,6067.6,636,6067.6,1,6068.0,1,6068.92,1
2023-05-16 09:39:51,6069.4,638,6067.4,1,6069.4,2,6068.76,0
2023-05-16 09:39:52,6069.4,638,6067.6,1,6069.2,1,6068.6,0
2023-05-16 09:39:52,6069.4,638,6067.6,1,6069.2,1,6068.44,0
2023-05-16 09:39:53,6069.4,638,6067.6,1,6069.0,1,6068.280000000001,0
2023-05-16 09:39:53,6069.4,638,6067.8,2,6069.0,1,6068.120000000001,0
2023-05-16 09:39:54,6069.4,638,6067.8,2,6069.0,1,6068.08,0
2023-05-16 09:39:55,6069.4,638,6067.8,2,6069.0,1,6068.04,0
2023-05-16 09:39:56,6067.8,642,6068.0,2,6069.0,1,6068.08,1
2023-05-16 09:39:57,6067.8,642,6068.0,2,6069.0,1,6068.12,1
2023-05-16 09:39:58,6067.8,642,6068.0,2,6069.0,1,6068.16,1
2023-05-16 09:39:58,6067.8,642,6068.0,2,6069.8,2,6068.26,1
2023-05-16 09:39:59,6067.8,642,6068.0,2,6069.6,2,6068.36,1
2023-05-16 09:39:59,6067.8,642,6068.2,1,6069.4,2,6068.460000000001,1
2023-05-16 09:40:00,6067.8,642,6068.4,2,6070.0,2,6068.56,1
2023-05-16 09:40:00,6067.8,642,6069.0,1,6069.8,2,6068.66,1
2023-05-16 09:40:01,6069.0,645,6068.6,1,6069.8,2,6068.66,0
2023-05-16 09:40:01,6069.0,645,6068.2,1,6069.4,1,6068.679999999999,0
2023-05-16 09:40:02,6068.2,646,6067.6,1,6069.2,3,6068.76,1
2023-05-16 09:40:02,6068.2,646,6066.6,1,6069.0,1,6068.9400000000005,1
2023-05-16 09:40:03,6068.2,646,6067.2,2,6068.8,1,6069.12,1
2023-05-16 09:40:03,6068.8,647,6067.6,1,6069.2,1,6069.24,1
2023-05-16 09:40:04,6068.8,648,6067.8,5,6070.0,2,6069.36,1
2023-05-16 09:40:04,6068.8,648,6068.6,1,6070.0,2,6069.48,1
2023-05-16 09:40:05,6068.8,648,6068.8,2,6069.8,3,6069.6,1
2023-05-16 09:40:05,6068.8,648,6068.8,2,6069.4,2,6069.719999999999,1
2023-05-16 09:40:06,6069.0,650,6068.8,1,6069.4,2,6069.82,1
2023-05-16 09:40:06,6069.2,652,6069.0,1,6069.4,2,6069.9,1
2023-05-16 09:40:07,6069.0,653,6067.8,1,6069.2,1,6069.92,1
2023-05-16 09:40:07,6070.0,656,6068.2,3,6070.8,1,6069.84,0
2023-05-16 09:40:08,6070.0,656,6068.6,1,6070.4,2,6069.76,0
2023-05-16 09:40:08,6070.0,656,6068.6,1,6070.4,2,6069.68,0
2023-05-16 09:40:09,6070.0,656,6068.6,1,6070.0,1,6069.6,0
2023-05-16 09:40:10,6070.0,656,6068.4,1,6069.4,1,6069.52,0
2023-05-16 09:40:10,6070.0,656,6067.8,1,6069.2,1,6069.36,0
2023-05-16 09:40:11,6070.0,657,6067.4,1,6069.4,1,6069.16,0
2023-05-16 09:40:11,6070.0,657,6067.8,1,6069.4,1,6068.96,0
2023-05-16 09:40:12,6070.0,657,6069.2,1,6069.4,1,6068.76,0
2023-05-16 09:40:12,6069.2,658,6067.4,1,6068.8,1,6068.639999999999,0
2023-05-16 09:40:13,6069.2,658,6067.4,1,6068.8,1,6068.6,0
2023-05-16 09:40:13,6069.2,658,6067.6,2,6068.8,2,6068.58,0
2023-05-16 09:40:14,6069.2,658,6067.8,1,6068.6,1,6068.56,0
2023-05-16 09:40:14,6069.2,658,6068.0,2,6068.8,2,6068.54,0
2023-05-16 09:40:15,6069.2,658,6068.0,2,6068.4,1,6068.52,0
2023-05-16 09:40:16,6068.4,659,6068.0,2,6068.8,2,6068.58,1
2023-05-16 09:40:16,6068.0,662,6068.2,1,6069.6,2,6068.68,1
2023-05-16 09:40:17,6068.0,662,6068.4,2,6069.6,2,6068.660000000001,1
2023-05-16 09:40:17,6068.0,662,6068.6,1,6069.6,2,6068.64,1
2023-05-16 09:40:18,6068.0,662,6068.8,1,6069.4,2,6068.620000000001,1
2023-05-16 09:40:18,6068.8,663,6069.0,2,6069.4,2,6068.52,0
2023-05-16 09:40:19,6069.0,665,6067.8,1,6069.4,2,6068.4,0
2023-05-16 09:40:20,6069.0,665,6067.8,1,6069.2,1,6068.2,0
2023-05-16 09:40:21,6069.0,665,6067.8,1,6069.0,1,6068.0,0
2023-05-16 09:40:22,6069.0,665,6067.8,1,6069.0,1,6067.8,0
2023-05-16 09:40:22,6069.0,665,6067.8,1,6069.0,1,6067.56,0
2023-05-16 09:40:23,6069.0,665,6068.0,2,6069.0,1,6067.3,0
2023-05-16 09:40:24,6067.8,668,6067.0,1,6067.8,7,6067.12,0
2023-05-16 09:40:24,6067.8,668,6067.0,1,6067.8,7,6066.9400000000005,0
2023-05-16 09:40:26,6067.8,668,6067.0,1,6067.6,1,6066.76,0
2023-05-16 09:40:27,6067.8,668,6067.0,1,6067.6,1,6066.58,0
2023-05-16 09:40:27,6067.8,668,6067.0,1,6067.6,1,6066.4,0
2023-05-16 09:40:28,6067.0,669,6066.2,1,6067.8,7,6066.3,0
2023-05-16 09:40:28,6067.0,669,6066.4,3,6067.8,7,6066.2,0
2023-05-16 09:40:29,6067.0,669,6066.6,1,6067.8,8,6066.1,0
2023-05-16 09:40:30,6066.6,670,6066.4,3,6067.6,3,6066.04,0
2023-05-16 09:40:30,6066.4,672,6066.0,3,6067.4,1,6066.0,0
2023-05-16 09:40:31,6066.0,673,6066.0,2,6067.0,2,6066.0,0
2023-05-16 09:40:31,6066.0,675,6065.0,2,6066.8,3,6066.0,0
2023-05-16 09:40:32,6066.0,675,6065.2,1,6066.6,1,6065.9,0
2023-05-16 09:40:32,6066.0,675,6065.2,1,6066.6,1,6065.8,0
2023-05-16 09:40:34,6066.0,675,6065.0,2,6066.4,2,6065.7,0
2023-05-16 09:40:34,6066.0,675,6065.0,2,6066.4,2,6065.6,0
2023-05-16 09:40:35,6066.0,675,6065.0,2,6066.4,1,6065.5,0
2023-05-16 09:40:35,6066.0,675,6065.0,2,6066.4,1,6065.4,0
2023-05-16 09:40:36,6066.0,675,6065.0,2,6066.0,1,6065.3,0
2023-05-16 09:40:36,6066.0,675,6065.0,2,6066.0,1,6065.2,0
2023-05-16 09:40:38,6066.0,675,6065.0,3,6066.0,1,6065.0,0
2023-05-16 09:40:40,6066.0,675,6065.0,3,6065.8,1,6064.8,0
2023-05-16 09:40:40,6065.0,678,6063.6,1,6065.4,1,6064.7,0
2023-05-16 09:40:41,6065.0,678,6063.8,1,6065.0,1,6064.6,0
2023-05-16 09:40:41,6065.0,678,6063.6,1,6065.2,2,6064.46,0
2023-05-16 09:40:42,6065.0,678,6063.6,1,6064.8,2,6064.32,0
2023-05-16 09:40:42,6065.0,678,6063.6,1,6064.8,2,6064.18,0
2023-05-16 09:40:43,6065.0,678,6063.6,1,6064.6,1,6063.9800000000005,0
2023-05-16 09:40:43,6065.0,678,6064.0,1,6064.8,2,6063.780000000001,0
2023-05-16 09:40:44,6065.0,678,6064.0,1,6064.6,1,6063.58,0
2023-05-16 09:40:44,6064.0,679,6063.6,1,6064.8,1,6063.4800000000005,0
2023-05-16 09:40:45,6064.0,679,6063.6,1,6064.6,1,6063.38,0
2023-05-16 09:40:45,6064.0,679,6063.6,1,6064.4,1,6063.280000000001,0
2023-05-16 09:40:46,6064.0,679,6063.6,1,6064.2,1,6063.18,0
2023-05-16 09:40:46,6063.6,682,6063.0,2,6064.0,1,6063.120000000001,0
2023-05-16 09:40:47,6063.6,682,6063.0,2,6063.8,2,6063.06,0
2023-05-16 09:40:47,6063.6,682,6063.0,2,6063.6,1,6062.92,0
2023-05-16 09:40:48,6063.0,684,6062.4,1,6063.8,2,6062.839999999999,0
2023-05-16 09:40:48,6063.0,684,6062.4,1,6063.6,3,6062.76,0
2023-05-16 09:40:49,6063.0,684,6060.8,1,6063.6,1,6062.719999999999,0
2023-05-16 09:40:49,6063.0,684,6061.6,2,6063.4,2,6062.66,0
2023-05-16 09:40:50,6063.0,684,6062.0,1,6063.4,1,6062.56,0
2023-05-16 09:40:51,6063.0,684,6062.0,1,6063.4,1,6062.379999999999,0
2023-05-16 09:40:51,6063.0,684,6062.0,1,6063.4,1,6062.2,0
2023-05-16 09:40:52,6063.0,684,6061.8,1,6063.2,2,6062.08,0
2023-05-16 09:40:52,6063.0,684,6061.0,1,6062.0,1,6061.96,0
2023-05-16 09:40:53,6062.2,685,6062.0,1,6063.0,3,6061.9400000000005,0
2023-05-16 09:40:53,6062.2,685,6062.4,1,6062.8,1,6061.92,0
2023-05-16 09:40:54,6062.2,685,6062.6,2,6063.6,1,6061.9,0
2023-05-16 09:40:54,6062.6,687,6062.4,1,6063.2,1,6061.84,0
2023-05-16 09:40:55,6062.4,688,6061.4,1,6062.0,10,6061.8,0
2023-05-16 09:40:55,6062.0,689,6061.4,1,6061.8,1,6061.8,0
2023-05-16 09:40:56,6061.2,690,6061.2,2,6062.0,9,6061.7,1
2023-05-16 09:40:56,6061.2,690,6060.0,5,6061.8,3,6061.6,1
2023-05-16 09:40:57,6061.8,693,6060.6,1,6062.0,9,6061.6,0
2023-05-16 09:40:57,6061.8,693,6061.0,3,6062.0,9,6061.62,0
2023-05-16 09:40:58,6062.0,701,6061.0,1,6062.0,1,6061.62,0
2023-05-16 09:40:59,6062.0,702,6061.0,1,6063.2,1,6061.7,0
2023-05-16 09:40:59,6062.0,702,6061.2,2,6062.4,2,6061.780000000001,0
2023-05-16 09:41:00,6062.0,702,6061.2,1,6062.4,2,6061.86,0
2023-05-16 09:41:00,6062.0,702,6060.8,1,6062.4,2,6061.9400000000005,0
2023-05-16 09:41:01,6062.0,703,6060.0,4,6062.0,2,6062.02,1
2023-05-16 09:41:01,6060.2,704,6060.2,2,6062.0,2,6062.3,1
2023-05-16 09:41:02,6060.2,704,6060.4,2,6061.8,1,6062.62,1
2023-05-16 09:41:02,6061.8,706,6060.4,2,6062.0,1,6062.780000000001,1
2023-05-16 09:41:03,6062.0,707,6060.8,1,6063.0,1,6062.92,1
2023-05-16 09:41:03,6062.0,707,6061.2,1,6062.8,2,6063.06,1
2023-05-16 09:41:04,6062.8,708,6061.4,3,6062.8,1,6062.92,1
2023-05-16 09:41:04,6062.8,709,6061.8,1,6063.6,1,6062.78,0
2023-05-16 09:41:05,6062.8,713,6062.8,1,6063.6,1,6062.64,0
2023-05-16 09:41:05,6062.8,713,6063.0,2,6063.4,1,6062.499999999999,0
2023-05-16 09:41:06,6062.8,713,6063.0,2,6063.2,1,6062.36,0
2023-05-16 09:41:06,6063.0,717,6061.4,1,6063.6,1,6062.2,0
2023-05-16 09:41:07,6063.4,718,6061.6,2,6063.4,3,6062.0,0
2023-05-16 09:41:07,6063.4,718,6061.0,2,6063.2,1,6061.94,0
2023-05-16 09:41:08,6063.4,718,6061.2,1,6063.0,2,6061.879999999999,0
2023-05-16 09:41:08,6063.4,718,6061.0,1,6061.4,1,6061.82,0
2023-05-16 09:41:09,6061.4,720,6061.4,1,6063.0,1,6061.96,1
2023-05-16 09:41:09,6061.4,720,6061.8,1,6063.6,1,6062.1,1
2023-05-16 09:41:10,6061.4,720,6061.8,1,6063.2,2,6062.24,1
2023-05-16 09:41:10,6061.4,720,6061.2,1,6063.2,2,6062.38,1
2023-05-16 09:41:11,6061.4,720,6061.0,1,6062.8,1,6062.52,1
2023-05-16 09:41:11,6061.4,720,6060.6,1,6062.4,1,6062.64,1
2023-05-16 09:41:12,6061.4,720,6060.6,1,6063.0,1,6062.76,1
2023-05-16 09:41:12,6062.8,721,6060.8,1,6062.8,2,6062.74,0
2023-05-16 09:41:13,6062.8,721,6061.0,3,6062.8,1,6062.58,0
2023-05-16 09:41:13,6062.8,721,6061.0,3,6062.6,1,6062.4,0
2023-05-16 09:41:14,6062.8,721,6061.0,3,6062.6,1,6062.22,0
2023-05-16 09:41:15,6062.8,721,6061.0,2,6062.6,1,6062.16,0
2023-05-16 09:41:16,6062.8,721,6061.0,2,6062.6,1,6062.1,0
2023-05-16 09:41:16,6062.8,721,6061.0,2,6062.6,1,6062.04,0
2023-05-16 09:41:17,6062.8,721,6061.0,2,6062.6,2,6062.0,0
2023-05-16 09:41:17,6062.6,722,6061.0,2,6062.6,2,6062.0,0
2023-05-16 09:41:18,6062.6,722,6061.2,1,6062.6,2,6062.02,0
2023-05-16 09:41:18,6062.6,722,6061.4,2,6062.6,2,6062.04,0
2023-05-16 09:41:20,6061.2,725,6060.8,1,6061.0,2,6062.24,1
2023-05-16 09:41:21,6061.0,727,6060.8,1,6062.6,2,6062.5,1
2023-05-16 09:41:21,6061.0,727,6060.8,1,6062.2,1,6062.82,1
2023-05-16 09:41:22,6062.2,728,6060.8,1,6062.4,4,6063.02,1
2023-05-16 09:41:23,6062.2,728,6061.2,1,6062.4,4,6063.22,1
2023-05-16 09:41:23,6062.2,728,6061.0,2,6062.4,4,6063.42,1
2023-05-16 09:41:24,6062.4,730,6061.4,1,6062.4,2,6063.719999999999,1
2023-05-16 09:41:25,6062.6,734,6061.8,1,6062.2,1,6064.0,1
2023-05-16 09:41:25,6062.8,736,6062.2,1,6063.4,1,6064.259999999999,1
2023-05-16 09:41:26,6062.8,736,6062.4,5,6063.2,1,6064.58,1
2023-05-16 09:41:26,6063.2,740,6062.8,1,6063.6,1,6064.9,1
2023-05-16 09:41:27,6063.6,741,6063.2,1,6064.2,1,6065.16,1
2023-05-16 09:41:27,6064.2,742,6063.6,1,6065.4,1,6065.36,1
2023-05-16 09:41:28,6064.2,742,6064.0,3,6064.8,1,6065.52,1
2023-05-16 09:41:28,6064.2,742,6064.2,2,6064.8,1,6065.639999999999,1
2023-05-16 09:41:29,6064.2,742,6064.2,2,6064.8,1,6065.74,1
2023-05-16 09:41:29,6065.4,744,6064.4,1,6066.2,1,6065.62,1
2023-05-16 09:41:30,6065.4,744,6064.6,2,6066.0,3,6065.5,1
2023-05-16 09:41:30,6065.4,744,6064.8,1,6066.0,4,6065.360000000001,0
2023-05-16 09:41:31,6066.0,751,6065.0,1,6066.0,2,6065.14,0
2023-05-16 09:41:31,6066.4,754,6065.2,2,6066.0,1,6064.88,0
2023-05-16 09:41:32,6066.2,755,6065.8,1,6066.0,1,6064.639999999999,0
2023-05-16 09:41:32,6066.2,755,6065.8,1,6066.0,2,6064.4,0
2023-05-16 09:41:33,6065.8,756,6065.2,2,6065.8,1,6064.2,0
2023-05-16 09:41:33,6065.4,760,6065.0,1,6065.2,6,6064.04,0
2023-05-16 09:41:34,6065.2,767,6064.0,1,6065.2,1,6063.9,0
2023-05-16 09:41:34,6064.2,770,6065.0,1,6066.2,1,6063.9,0
2023-05-16 09:41:35,6064.2,776,6064.0,1,6065.6,1,6063.900000000001,0
2023-05-16 09:41:35,6064.0,777,6063.8,1,6065.2,2,6063.92,0
2023-05-16 09:41:36,6063.8,778,6061.8,1,6065.0,1,6063.96,1
2023-05-16 09:41:36,6063.8,778,6062.4,1,6064.8,2,6064.0,1
2023-05-16 09:41:37,6063.8,778,6062.6,1,6064.8,2,6064.04,1
2023-05-16 09:41:37,6063.8,778,6062.8,1,6064.2,1,6064.08,1
2023-05-16 09:41:38,6063.8,778,6062.8,1,6064.2,1,6064.12,1
2023-05-16 09:41:38,6063.8,778,6062.8,1,6064.2,1,6064.16,1
2023-05-16 09:41:39,6063.8,778,6062.8,1,6064.2,2,6064.2,1
2023-05-16 09:41:39,6064.2,779,6062.8,1,6064.2,1,6064.2,0
2023-05-16 09:41:40,6064.2,779,6063.0,2,6064.2,1,6064.199999999999,0
2023-05-16 09:41:40,6064.2,780,6063.2,1,6064.8,1,6064.2,0
2023-05-16 09:41:41,6064.2,780,6063.6,1,6065.0,1,6064.4800000000005,1
2023-05-16 09:41:41,6064.2,780,6063.6,1,6065.4,1,6064.839999999999,1
2023-05-16 09:41:42,6064.2,780,6063.8,1,6065.8,2,6065.2,1
2023-05-16 09:41:42,6064.2,780,6064.8,1,6066.0,2,6065.56,1
2023-05-16 09:41:43,6064.2,780,6065.0,2,6065.8,2,6065.92,1
2023-05-16 09:41:43,6064.2,780,6065.0,2,6065.6,1,6066.280000000001,1
2023-05-16 09:41:44,6064.2,780,6065.0,2,6066.6,2,6066.639999999999,1
2023-05-16 09:41:44,6064.2,780,6065.0,2,6066.2,1,6067.0,1
2023-05-16 09:41:45,6064.2,780,6065.0,3,6066.4,2,6067.360000000001,1
2023-05-16 09:41:45,6064.2,780,6065.2,1,6067.0,3,6067.68,1
2023-05-16 09:41:46,6067.0,783,6065.4,5,6067.8,7,6067.719999999999,1
2023-05-16 09:41:46,6067.8,789,6065.8,2,6067.8,2,6067.64,0
2023-05-16 09:41:47,6067.8,791,6066.2,2,6067.8,1,6067.56,0
2023-05-16 09:41:47,6067.8,792,6066.6,1,6070.0,2,6067.48,0
2023-05-16 09:41:48,6067.8,792,6066.8,4,6068.6,1,6067.4,0
2023-05-16 09:41:48,6067.8,792,6067.2,1,6068.6,1,6067.32,0
2023-05-16 09:41:49,6067.8,792,6067.4,2,6068.6,1,6067.24,0
2023-05-16 09:41:49,6067.8,792,6067.4,2,6068.6,1,6067.16,0
2023-05-16 09:41:50,6067.8,792,6067.4,2,6068.4,1,6066.9,0
2023-05-16 09:41:50,6067.4,793,6067.4,1,6068.4,1,6066.68,0
2023-05-16 09:41:51,6067.4,794,6067.0,1,6067.8,1,6066.46,0
2023-05-16 09:41:51,6067.0,795,6066.2,1,6067.2,1,6066.280000000001,0
2023-05-16 09:41:52,6067.0,795,6063.4,1,6067.2,2,6066.06,0
2023-05-16 09:41:52,6067.0,795,6066.0,3,6067.0,1,6065.84,0
2023-05-16 09:41:53,6067.0,796,6066.0,1,6067.2,2,6065.620000000001,0
2023-05-16 09:41:53,6067.0,796,6065.2,1,6067.0,3,6065.56,0
2023-05-16 09:41:54,6067.0,796,6065.6,1,6067.0,3,6065.5,0
2023-05-16 09:41:54,6067.0,796,6065.8,1,6067.0,3,6065.4400000000005,0
2023-05-16 09:41:55,6065.2,798,6065.2,2,6066.8,1,6065.56,1
2023-05-16 09:41:55,6065.2,798,6065.2,2,6066.4,1,6065.679999999999,1
2023-05-16 09:41:56,6065.2,800,6064.2,1,6066.2,2,6065.8,1
2023-05-16 09:41:56,6065.2,800,6064.6,3,6066.0,1,6065.92,1
2023-05-16 09:41:57,6064.8,802,6064.6,3,6065.8,1,6066.08,1
2023-05-16 09:41:57,6064.8,802,6064.6,3,6065.6,1,6066.24,1
2023-05-16 09:41:58,6064.8,802,6064.6,3,6066.4,1,6066.4,1
2023-05-16 09:41:58,6066.4,803,6064.6,3,6066.6,2,6066.4,0
2023-05-16 09:41:59,6066.4,803,6065.0,2,6066.8,1,6066.48,1
2023-05-16 09:41:59,6066.4,803,6065.2,2,6066.8,1,6066.539999999999,1
2023-05-16 09:42:00,6066.4,803,6065.2,2,6067.2,1,6066.74,1
2023-05-16 09:42:00,6066.4,803,6065.6,1,6067.2,1,6066.9400000000005,1
2023-05-16 09:42:01,6066.4,803,6066.0,1,6067.2,2,6067.139999999999,1
2023-05-16 09:42:01,6066.4,803,6065.8,1,6067.2,2,6067.339999999999,1
2023-05-16 09:42:02,6066.4,803,6066.2,1,6067.2,2,6067.539999999999,1
2023-05-16 09:42:02,6066.4,803,6066.4,1,6067.2,2,6067.74,1
2023-05-16 09:42:03,6066.4,803,6066.4,2,6067.2,2,6067.94,1
2023-05-16 09:42:03,6066.4,803,6066.8,1,6067.2,2,6068.1,1
2023-05-16 09:42:04,6067.2,805,6067.0,3,6069.0,1,6068.18,1
2023-05-16 09:42:04,6067.0,807,6067.0,1,6068.6,2,6068.280000000001,1
2023-05-16 09:42:05,6068.4,808,6067.0,1,6068.6,2,6068.24,0
2023-05-16 09:42:05,6068.4,808,6067.6,1,6068.6,1,6068.2,0
2023-05-16 09:42:06,6068.4,808,6068.2,1,6068.6,1,6068.160000000001,0
2023-05-16 09:42:06,6068.4,808,6068.4,1,6068.6,1,6068.12,0
2023-05-16 09:42:07,6068.4,809,6067.6,1,6068.6,1,6067.96,0
2023-05-16 09:42:07,6068.4,809,6068.0,1,6068.6,1,6067.78,0
2023-05-16 09:42:08,6068.4,809,6068.0,1,6068.6,1,6067.56,0
2023-05-16 09:42:09,6068.0,810,6066.6,1,6068.6,1,6067.38,0
2023-05-16 09:42:09,6068.0,810,6067.0,2,6068.6,1,6067.14,0
2023-05-16 09:42:10,6068.0,810,6067.2,1,6068.0,1,6066.9,0
2023-05-16 09:42:10,6068.0,810,6067.2,1,6068.0,1,6066.66,0
2023-05-16 09:42:11,6068.0,810,6067.0,1,6068.0,1,6066.42,0
2023-05-16 09:42:13,6068.0,810,6067.2,2,6068.0,2,6066.12,0
2023-05-16 09:42:14,6068.0,811,6067.2,2,6068.0,1,6065.82,0
2023-05-16 09:42:15,6066.8,816,6066.6,1,6068.0,1,6065.64,0
2023-05-16 09:42:16,6066.6,817,6066.2,1,6067.6,1,6065.4800000000005,0
2023-05-16 09:42:16,6066.2,818,6065.4,1,6066.8,1,6065.2,0
2023-05-16 09:42:17,6066.2,818,6065.6,2,6066.6,3,6064.92,0
2023-05-16 09:42:17,6065.6,820,6065.0,1,6066.6,3,6064.7,0
2023-05-16 09:42:18,6065.6,820,6065.0,1,6066.4,1,6064.48,0
2023-05-16 09:42:18,6065.6,820,6065.0,1,6066.2,5,6064.26,0
2023-05-16 09:42:19,6065.6,820,6065.0,1,6066.2,6,6064.1,0
2023-05-16 09:42:19,6065.0,821,6063.4,1,6066.2,6,6063.92,0
2023-05-16 09:42:20,6065.0,821,6063.6,4,6066.0,3,6063.719999999999,0
2023-05-16 09:42:20,6065.0,821,6063.8,1,6065.0,1,6063.52,0
2023-05-16 09:42:21,6065.0,821,6063.6,1,6064.6,1,6063.42,0
2023-05-16 09:42:21,6063.4,823,6063.0,2,6064.2,1,6063.42,1
2023-05-16 09:42:22,6063.4,823,6063.0,2,6064.0,1,6063.499999999999,1
2023-05-16 09:42:22,6063.4,823,6063.0,3,6064.0,3,6063.58,1
2023-05-16 09:42:23,6063.4,823,6063.0,3,6064.0,3,6063.66,1
2023-05-16 09:42:23,6063.4,823,6063.0,3,6064.0,4,6063.74,1
2023-05-16 09:42:24,6064.0,825,6063.2,3,6064.0,2,6063.76,0
2023-05-16 09:42:24,6063.2,827,6063.2,1,6064.0,1,6063.86,1
2023-05-16 09:42:25,6063.0,829,6063.0,3,6064.0,1,6063.9800000000005,1
2023-05-16 09:42:26,6063.0,830,6063.0,2,6064.0,1,6064.1,1
2023-05-16 09:42:27,6064.0,831,6063.2,1,6065.0,2,6064.12,1
2023-05-16 09:42:27,6063.4,832,6064.2,1,6065.0,2,6064.2,1
2023-05-16 09:42:28,6064.2,833,6063.4,2,6065.0,1,6064.2,0
2023-05-16 09:42:28,6064.2,834,6064.0,1,6065.0,1,6064.2,0
2023-05-16 09:42:29,6064.2,834,6064.0,2,6065.0,1,6064.2,0
2023-05-16 09:42:29,6064.2,836,6064.2,1,6066.0,1,6064.2,0
2023-05-16 09:42:30,6064.2,836,6064.2,1,6065.6,1,6064.2,0
2023-05-16 09:42:30,6064.2,836,6064.4,2,6066.0,2,6064.2,0
2023-05-16 09:42:31,6064.2,836,6064.6,2,6066.4,1,6064.199999999999,0
2023-05-16 09:42:31,6064.2,836,6065.0,1,6067.4,1,6064.46,1
2023-05-16 09:42:32,6064.2,836,6065.2,1,6067.0,2,6064.74,1
2023-05-16 09:42:32,6064.2,836,6065.4,2,6066.8,2,6065.02,1
2023-05-16 09:42:33,6064.2,836,6065.4,1,6066.6,1,6065.3,1
2023-05-16 09:42:33,6064.2,836,6065.6,2,6066.6,1,6065.52,1
2023-05-16 09:42:34,6064.2,836,6065.6,2,6067.0,1,6065.74,1
2023-05-16 09:42:34,6064.2,836,6065.6,2,6066.8,2,6065.96,1
2023-05-16 09:42:35,6064.2,836,6065.8,1,6066.8,2,6066.179999999999,1
2023-05-16 09:42:35,6064.2,836,6066.0,1,6066.8,2,6066.4,1
2023-05-16 09:42:36,6064.2,836,6066.0,1,6066.8,3,6066.58,1
2023-05-16 09:42:36,6066.8,839,6066.2,2,6067.0,1,6066.5,0
2023-05-16 09:42:37,6067.0,840,6066.4,1,6067.2,2,6066.4,0
2023-05-16 09:42:37,6067.0,840,6066.2,2,6067.2,2,6066.3,0
2023-05-16 09:42:38,6067.0,840,6066.2,2,6067.0,1,6066.2,0
2023-05-16 09:42:38,6066.4,843,6066.0,1,6066.8,1,6066.219999999999,0
2023-05-16 09:42:39,6066.4,843,6066.0,1,6066.8,1,6066.24,0
2023-05-16 09:42:39,6066.4,843,6066.0,1,6066.8,1,6066.26,0
2023-05-16 09:42:40,6066.4,843,6066.0,1,6066.8,1,6066.280000000001,0
2023-05-16 09:42:40,6066.4,843,6066.0,1,6066.8,1,6066.3,0
2023-05-16 09:42:41,6066.0,844,6065.8,1,6066.8,1,6066.36,1
2023-05-16 09:42:41,6066.0,844,6064.6,1,6066.8,1,6066.42,1
2023-05-16 09:42:42,6066.0,844,6065.8,1,6066.6,1,6066.4800000000005,1
2023-05-16 09:42:42,6066.0,844,6065.2,1,6066.6,1,6066.54,1
2023-05-16 09:42:43,6066.0,844,6065.2,1,6066.6,1,6066.6,1
2023-05-16 09:42:43,6066.6,845,6065.6,1,6067.6,2,6066.6,0
2023-05-16 09:42:44,6066.6,845,6066.0,1,6068.0,2,6066.6,0
2023-05-16 09:42:44,6066.6,845,6066.2,1,6067.8,1,6066.6,0
2023-05-16 09:42:45,6066.6,845,6066.0,1,6067.6,2,6066.6,0
2023-05-16 09:42:45,6066.6,845,6065.8,1,6067.4,1,6066.6,0
2023-05-16 09:42:46,6066.6,845,6065.8,1,6067.6,2,6066.6,0
2023-05-16 09:42:46,6066.6,845,6065.8,1,6067.6,2,6066.540000000001,0
2023-05-16 09:42:47,6066.6,845,6066.0,2,6067.6,1,6066.4800000000005,0
2023-05-16 09:42:48,6066.6,845,6066.2,2,6067.6,1,6066.42,0
2023-05-16 09:42:48,6066.6,845,6066.2,2,6067.6,1,6066.360000000001,0
2023-05-16 09:42:49,6066.6,845,6066.8,1,6067.6,1,6066.3,0
2023-05-16 09:42:49,6066.6,845,6067.0,1,6067.6,1,6066.24,0
2023-05-16 09:42:50,6066.6,845,6066.2,2,6067.6,1,6066.18,0
2023-05-16 09:42:50,6066.6,845,6066.4,2,6067.6,1,6066.120000000001,0
2023-05-16 09:42:51,6066.6,845,6066.6,1,6067.6,1,6065.960000000001,0
2023-05-16 09:42:51,6066.6,845,6066.6,1,6067.2,1,6065.8,0
2023-05-16 09:42:52,6066.0,849,6065.0,1,6066.8,1,6065.7,0
2023-05-16 09:42:52,6066.0,849,6065.4,3,6066.8,1,6065.6,0
2023-05-16 09:42:53,6066.0,849,6065.0,3,6066.8,2,6065.5,0
2023-05-16 09:42:53,6066.0,849,6065.0,3,6066.8,3,6065.4,0
2023-05-16 09:42:54,6066.0,849,6065.0,4,6066.6,1,6065.3,0
2023-05-16 09:42:54,6066.0,849,6065.0,3,6066.0,1,6065.2,0
2023-05-16 09:42:55,6066.0,849,6065.2,1,6066.0,2,6065.1,0
2023-05-16 09:42:55,6066.0,849,6065.0,1,6066.0,2,6064.98,0
2023-05-16 09:42:56,6065.0,850,6064.8,1,6066.0,2,6065.04,1
2023-05-16 09:42:56,6065.0,850,6065.2,1,6066.0,2,6065.14,1
2023-05-16 09:42:57,6065.0,850,6064.8,1,6066.0,2,6065.24,1
2023-05-16 09:42:57,6065.0,850,6065.0,1,6065.8,1,6065.34,1
2023-05-16 09:42:58,6065.0,850,6065.0,1,6065.8,1,6065.46,1
2023-05-16 09:42:58,6065.0,850,6064.8,1,6065.8,1,6065.64,1
2023-05-16 09:42:59,6065.0,850,6064.8,1,6065.8,1,6065.82,1
2023-05-16 09:42:59,6065.0,850,6065.0,1,6065.6,1,6066.0,1
2023-05-16 09:43:00,6065.0,850,6064.8,1,6065.6,1,6066.18,1
2023-05-16 09:43:00,6064.8,851,6064.6,2,6065.6,2,6066.38,1
2023-05-16 09:43:01,6065.6,852,6064.6,2,6065.6,1,6066.5,1
2023-05-16 09:43:01,6066.0,854,6065.0,1,6066.8,1,6066.58,1
2023-05-16 09:43:02,6066.0,854,6065.4,1,6066.8,3,6066.66,1
2023-05-16 09:43:02,6066.0,854,6066.2,1,6066.8,3,6066.74,1
2023-05-16 09:43:03,6066.2,855,6065.6,1,6066.8,3,6066.8,1
2023-05-16 09:43:03,6066.8,856,6065.8,1,6066.8,2,6066.8,0
2023-05-16 09:43:04,6066.8,856,6066.0,1,6066.8,2,6066.8,0
2023-05-16 09:43:05,6066.8,858,6066.0,2,6068.0,2,6066.9,1
2023-05-16 09:43:05,6066.8,858,6066.0,2,6067.8,6,6067.0,1
2023-05-16 09:43:06,6066.8,858,6066.2,2,6067.8,6,6067.1,1
2023-05-16 09:43:06,6066.8,858,6066.4,1,6067.8,3,6067.2,1
2023-05-16 09:43:07,6066.8,858,6066.4,1,6067.8,2,6067.300000000001,1
2023-05-16 09:43:08,6066.8,858,6066.4,1,6068.0,2,6067.4,1
2023-05-16 09:43:08,6066.8,858,6066.4,1,6068.0,2,6067.5,1
2023-05-16 09:43:10,6066.8,858,6066.4,1,6067.8,4,6067.6,1
2023-05-16 09:43:10,6066.8,858,6066.2,1,6067.8,2,6067.6,1
2023-05-16 09:43:11,6066.8,858,6066.2,1,6067.8,6,6067.58,1
2023-05-16 09:43:11,6067.8,860,6066.4,3,6067.8,4,6067.460000000001,0
2023-05-16 09:43:12,6067.8,860,6066.4,3,6067.8,4,6067.34,0
2023-05-16 09:43:12,6067.8,860,6066.8,1,6067.8,4,6067.140000000001,0
2023-05-16 09:43:13,6067.8,860,6066.8,1,6067.8,4,6066.9400000000005,0
2023-05-16 09:43:13,6067.8,860,6066.6,2,6067.6,2,6066.74,0
2023-05-16 09:43:14,6067.8,860,6066.6,2,6067.6,2,6066.54,0
2023-05-16 09:43:14,6067.8,860,6066.6,2,6067.6,2,6066.34,0
2023-05-16 09:43:18,6067.8,860,6066.8,1,6067.6,2,6066.140000000001,0
2023-05-16 09:43:19,6066.8,861,6066.6,2,6067.4,2,6066.04,0
2023-05-16 09:43:20,6066.6,863,6066.0,2,6067.4,2,6065.960000000001,0
2023-05-16 09:43:20,6066.6,863,6066.0,2,6066.6,1,6065.88,0
2023-05-16 09:43:21,6066.6,866,6065.8,1,6066.6,2,6065.8,0
2023-05-16 09:43:21,6065.8,867,6065.8,1,6066.6,2,6065.78,0
2023-05-16 09:43:22,6065.8,867,6065.8,1,6066.6,3,6065.76,0
2023-05-16 09:43:23,6065.8,867,6065.8,1,6066.6,3,6065.74,0
2023-05-16 09:43:24,6065.8,867,6065.8,1,6066.6,3,6065.72,0
2023-05-16 09:43:26,6065.8,867,6065.8,1,6066.6,3,6065.58,0
2023-05-16 09:43:26,6065.8,867,6065.8,2,6066.6,3,6065.4400000000005,0
2023-05-16 09:43:27,6065.8,867,6065.8,2,6066.6,3,6065.3,0
2023-05-16 09:43:27,6065.8,867,6065.8,2,6066.6,3,6065.16,0
2023-05-16 09:43:29,6065.8,867,6065.8,2,6066.6,3,6065.160000000001,0
2023-05-16 09:43:30,6065.8,868,6065.8,1,6066.2,1,6065.219999999999,0
2023-05-16 09:43:31,6065.6,870,6065.6,1,6065.8,1,6065.3,0
2023-05-16 09:43:31,6065.6,871,6063.6,1,6065.6,1,6065.379999999999,0
2023-05-16 09:43:32,6065.6,871,6064.0,2,6066.6,1,6065.46,0
2023-05-16 09:43:32,6065.6,871,6064.2,3,6066.4,1,6065.539999999999,0
2023-05-16 09:43:33,6064.4,872,6064.2,3,6066.2,2,6065.74,1
2023-05-16 09:43:33,6064.4,872,6064.4,1,6066.0,2,6065.94,1
2023-05-16 09:43:34,6064.4,872,6064.6,1,6065.8,1,6066.12,1
2023-05-16 09:43:34,6064.4,872,6064.8,1,6065.8,1,6066.3,1
2023-05-16 09:43:35,6065.8,873,6065.8,1,6066.4,1,6066.32,1
2023-05-16 09:43:35,6066.4,874,6066.0,1,6067.2,1,6066.280000000001,0
2023-05-16 09:43:36,6066.4,874,6066.2,1,6067.2,1,6066.24,0
2023-05-16 09:43:36,6066.4,874,6066.2,1,6067.2,2,6066.2,0
2023-05-16 09:43:37,6066.4,874,6066.0,1,6067.2,2,6066.16,0
2023-05-16 09:43:37,6066.4,874,6066.0,1,6067.0,1,6066.12,0
2023-05-16 09:43:38,6066.4,874,6066.2,3,6067.0,1,6066.08,0
2023-05-16 09:43:39,6066.4,874,6066.2,2,6067.0,1,6066.04,0
2023-05-16 09:43:40,6066.2,875,6066.2,1,6067.0,1,6066.02,0
2023-05-16 09:43:41,6066.2,875,6066.2,1,6066.8,3,6066.0,0
2023-05-16 09:43:41,6066.0,877,6065.2,1,6066.6,2,6066.0,0
2023-05-16 09:43:42,6066.0,877,6065.4,2,6066.4,2,6065.94,0
2023-05-16 09:43:42,6066.0,877,6065.4,2,6066.2,1,6065.879999999999,0
2023-05-16 09:43:43,6066.0,877,6065.4,3,6066.2,1,6065.82,0
2023-05-16 09:43:43,6066.0,877,6065.4,3,6066.2,3,6065.76,0
2023-05-16 09:43:45,6066.0,877,6065.4,2,6066.0,1,6065.7,0
2023-05-16 09:43:45,6066.0,877,6065.4,2,6066.0,1,6065.639999999999,0
2023-05-16 09:43:46,6066.0,878,6065.4,3,6066.0,1,6065.58,0
2023-05-16 09:43:46,6066.0,879,6065.4,2,6066.2,1,6065.52,0
2023-05-16 09:43:47,6066.0,879,6065.4,2,6066.0,1,6065.359999999999,0
2023-05-16 09:43:47,6066.0,879,6065.4,2,6066.0,2,6065.199999999999,0
2023-05-16 09:43:48,6065.4,880,6065.4,1,6066.0,3,6065.099999999999,0
2023-05-16 09:43:48,6065.4,881,6064.2,2,6066.0,3,6065.0,0
2023-05-16 09:43:49,6065.4,881,6064.8,1,6066.0,3,6064.9,0
2023-05-16 09:43:49,6065.4,881,6064.4,6,6066.0,3,6064.799999999999,0
2023-05-16 09:43:50,6065.4,881,6064.6,2,6066.0,3,6064.56,0
2023-05-16 09:43:50,6065.4,881,6064.4,6,6066.0,3,6064.32,0
2023-05-16 09:43:51,6065.4,881,6064.4,4,6065.2,1,6064.08,0
2023-05-16 09:43:51,6065.4,881,6064.4,2,6065.0,2,6063.839999999999,0
2023-05-16 09:43:52,6064.4,883,6063.8,1,6065.0,1,6063.7,0
2023-05-16 09:43:52,6064.4,883,6063.8,1,6065.0,1,6063.56,0
2023-05-16 09:43:53,6064.4,883,6063.6,2,6064.8,1,6063.42,0
2023-05-16 09:43:53,6064.4,883,6063.6,2,6064.6,2,6063.28,0
2023-05-16 09:43:54,6064.4,883,6063.6,2,6064.6,4,6063.179999999999,0
2023-05-16 09:43:54,6064.4,883,6063.6,2,6064.2,1,6063.08,0
2023-05-16 09:43:55,6063.0,886,6062.2,1,6064.6,2,6063.12,1
2023-05-16 09:43:55,6063.0,886,6063.2,1,6064.4,1,6063.16,1
2023-05-16 09:43:56,6063.0,886,6063.2,1,6065.4,1,6063.2,1
2023-05-16 09:43:56,6063.0,886,6062.6,5,6065.0,1,6063.24,1
2023-05-16 09:43:57,6063.0,886,6062.8,1,6064.2,1,6063.280000000001,1
2023-05-16 09:43:57,6063.0,886,6062.6,4,6064.8,1,6063.18,1
2023-05-16 09:43:58,6063.0,886,6063.2,1,6064.8,3,6063.06,1
2023-05-16 09:43:58,6063.0,886,6063.4,1,6064.6,2,6062.9400000000005,0
2023-05-16 09:43:59,6063.4,887,6062.4,2,6063.4,1,6062.8,0
2023-05-16 09:43:59,6063.4,887,6062.4,2,6063.4,3,6062.539999999999,0
2023-05-16 09:44:00,6063.4,889,6062.2,1,6064.4,1,6062.38,0
2023-05-16 09:44:00,6063.4,889,6062.4,1,6064.0,1,6062.22,0
2023-05-16 09:44:01,6063.4,889,6062.2,1,6063.8,1,6062.08,0
2023-05-16 09:44:02,6063.4,889,6061.8,1,6063.8,1,6061.9400000000005,0
2023-05-16 09:44:02,6063.4,889,6062.0,1,6063.6,1,6061.8,0
2023-05-16 09:44:03,6062.0,890,6062.0,1,6063.6,1,6061.8,0
2023-05-16 09:44:03,6061.8,893,6061.0,1,6062.8,1,6061.820000000001,1
2023-05-16 09:44:04,6061.8,893,6061.2,2,6062.4,1,6061.84,1
2023-05-16 09:44:04,6062.0,896,6061.0,1,6062.0,1,6061.84,0
2023-05-16 09:44:05,6060.8,898,6060.0,12,6062.0,1,6061.820000000001,1
2023-05-16 09:44:05,6061.8,900,6060.0,12,6061.8,2,6061.84,1
2023-05-16 09:44:06,6061.8,900,6060.6,1,6062.0,1,6061.86,1
2023-05-16 09:44:06,6062.0,901,6061.0,1,6062.4,1,6061.879999999999,0
2023-05-16 09:44:07,6062.0,901,6061.0,1,6062.4,2,6061.9,0
2023-05-16 09:44:07,6062.0,901,6061.0,1,6062.4,2,6061.94,0
2023-05-16 09:44:08,6062.0,901,6060.6,1,6062.2,2,6061.86,0
2023-05-16 09:44:08,6062.0,901,6060.2,1,6061.8,1,6061.78,0
2023-05-16 09:44:09,6062.0,901,6060.4,1,6061.6,1,6061.7,0
2023-05-16 09:44:09,6062.0,901,6060.4,1,6060.6,1,6061.62,0
2023-05-16 09:44:10,6060.6,902,6060.4,1,6062.0,1,6061.8,1
2023-05-16 09:44:10,6062.0,903,6060.6,2,6062.4,1,6061.839999999999,0
2023-05-16 09:44:11,6062.0,903,6061.0,1,6062.2,1,6061.879999999999,0
2023-05-16 09:44:11,6062.2,904,6061.0,1,6062.4,1,6061.9,0
2023-05-16 09:44:12,6062.2,904,6061.0,1,6062.4,1,6061.92,0
2023-05-16 09:44:12,6062.4,907,6061.0,1,6063.0,1,6061.92,0
2023-05-16 09:44:13,6061.2,909,6061.2,1,6063.0,2,6062.039999999999,1
2023-05-16 09:44:13,6061.2,909,6061.0,1,6062.8,3,6062.16,1
2023-05-16 09:44:14,6061.2,909,6061.0,1,6062.6,1,6062.28,1
2023-05-16 09:44:14,6061.2,909,6061.0,1,6062.4,1,6062.4,1
2023-05-16 09:44:15,6062.4,910,6060.8,1,6062.6,1,6062.4,0
2023-05-16 09:44:15,6062.4,910,6061.0,1,6062.2,1,6062.4,0
2023-05-16 09:44:16,6062.4,910,6060.8,1,6062.2,1,6062.4,0
2023-05-16 09:44:17,6062.4,910,6060.6,2,6062.2,1,6062.4,0
2023-05-16 09:44:17,6062.4,910,6060.6,2,6062.2,1,6062.219999999999,0
2023-05-16 09:44:18,6062.4,910,6060.6,2,6062.2,2,6062.04,0
2023-05-16 09:44:18,6062.4,910,6060.6,1,6062.0,1,6061.86,0
2023-05-16 09:44:19,6062.4,910,6060.6,1,6061.8,1,6061.679999999999,0
2023-05-16 09:44:19,6062.4,910,6060.6,1,6061.8,2,6061.5,0
2023-05-16 09:44:20,6062.4,910,6060.8,1,6061.8,2,6061.320000000001,0
2023-05-16 09:44:20,6062.4,910,6060.6,1,6061.8,1,6061.14,0
2023-05-16 09:44:21,6062.4,910,6060.8,1,6061.8,2,6060.96,0
2023-05-16 09:44:22,6062.4,910,6061.0,1,6061.8,2,6060.780000000001,0
2023-05-16 09:44:22,6062.4,910,6060.6,1,6061.6,1,6060.6,0
2023-05-16 09:44:23,6060.6,911,6060.2,1,6061.8,2,6060.54,0
2023-05-16 09:44:23,6060.6,911,6060.2,1,6061.6,3,6060.4800000000005,0
2023-05-16 09:44:25,6060.6,911,6060.2,1,6061.6,3,6060.42,0
2023-05-16 09:44:26,6060.6,911,6060.2,1,6061.6,4,6060.360000000001,0
2023-05-16 09:44:26,6060.6,911,6060.2,1,6061.6,4,6060.280000000001,0
2023-05-16 09:44:27,6060.6,911,6060.0,15,6061.6,5,6060.2,0
2023-05-16 09:44:28,6060.6,911,6060.0,15,6061.6,5,6060.120000000001,0
2023-05-16 09:44:28,6060.6,911,6060.0,15,6061.4,1,6059.9,0
2023-05-16 09:44:29,6060.6,911,6060.0,15,6061.2,1,6059.6,0
2023-05-16 09:44:29,6060.6,911,6060.0,15,6060.6,1,6059.3,0
2023-05-16 09:44:30,6060.0,912,6060.0,14,6060.6,1,6059.06,0
2023-05-16 09:44:30,6060.0,914,6060.0,13,6061.0,1,6058.82,0
2023-05-16 09:44:31,6060.0,915,6060.0,12,6061.0,1,6058.58,0
2023-05-16 09:44:31,6060.0,927,6059.8,1,6060.8,2,6058.34,0
2023-05-16 09:44:32,6059.8,928,6058.4,1,6059.8,2,6058.120000000001,0
2023-05-16 09:44:32,6059.8,929,6058.4,1,6059.8,2,6057.9,0
2023-05-16 09:44:33,6059.8,929,6058.4,1,6059.6,2,6057.68,0
2023-05-16 09:44:33,6058.4,930,6056.8,1,6059.4,1,6057.6,0
2023-05-16 09:44:34,6057.6,931,6057.6,1,6059.2,1,6057.8,1
2023-05-16 09:44:34,6057.6,931,6057.8,2,6059.2,1,6058.0,1
2023-05-16 09:44:35,6057.6,931,6057.8,2,6059.6,1,6058.200000000001,1
2023-05-16 09:44:35,6057.6,931,6058.2,1,6060.6,1,6058.280000000001,1
2023-05-16 09:44:36,6057.6,931,6058.4,1,6060.4,3,6058.36,1
2023-05-16 09:44:36,6057.6,931,6058.4,1,6059.6,1,6058.4400000000005,1
2023-05-16 09:44:37,6057.6,931,6058.4,1,6059.6,1,6058.52,1
2023-05-16 09:44:37,6057.6,931,6058.4,1,6059.6,1,6058.68,1
2023-05-16 09:44:38,6057.6,931,6058.4,1,6059.6,2,6058.66,1
2023-05-16 09:44:38,6057.6,931,6057.8,1,6059.6,2,6058.64,1
2023-05-16 09:44:40,6059.6,934,6057.8,1,6060.0,1,6058.42,0
2023-05-16 09:44:40,6059.6,934,6058.2,1,6059.4,1,6058.199999999999,0
2023-05-16 09:44:41,6059.6,934,6058.2,1,6058.4,1,6058.159999999999,0
2023-05-16 09:44:41,6058.4,935,6057.8,1,6059.4,1,6058.24,0
2023-05-16 09:44:42,6058.4,935,6058.0,1,6059.2,2,6058.32,0
2023-05-16 09:44:42,6058.4,935,6058.0,1,6059.2,2,6058.4,0
