Time,LastPrice,Volume,Bid1Price,Bid1Volume,Ask1Price,Ask1Volume,FutureAvgPrice,Traded
2023-05-15 11:29:59,5980.8,4059,5980.4,1,5981.0,1,5982.04,1
2023-05-15 13:00:00,5980.4,4060,5980.2,1,5980.8,1,5982.280000000001,1
2023-05-15 13:00:00,5980.8,4062,5979.8,1,5980.8,1,5982.58,1
2023-05-15 13:00:01,5980.8,4064,5981.0,2,5982.6,1,5982.88,1
2023-05-15 13:00:01,5982.6,4065,5981.4,1,5982.6,1,5983.0,1
2023-05-15 13:00:02,5982.6,4066,5981.8,2,5982.6,1,5983.120000000001,1
2023-05-15 13:00:02,5982.6,4067,5982.2,1,5988.0,1,5983.22,1
2023-05-15 13:00:03,5982.6,4067,5982.4,1,5984.0,1,5983.32,1
2023-05-15 13:00:03,5982.4,4068,5982.8,1,5983.0,1,5983.52,1
2023-05-15 13:00:04,5982.8,4069,5981.6,1,5982.8,1,5983.68,1
2023-05-15 13:00:04,5982.8,4069,5982.6,1,5983.8,2,5983.78,1
2023-05-15 13:00:05,5982.8,4069,5982.6,1,5983.6,2,5983.88,1
2023-05-15 13:00:05,5983.8,4072,5983.8,2,5984.6,1,5983.88,1
2023-05-15 13:00:06,5983.8,4074,5982.6,1,5984.2,1,5983.76,0
2023-05-15 13:00:06,5983.8,4074,5983.6,1,5984.0,1,5983.64,0
2023-05-15 13:00:07,5983.8,4074,5983.6,1,5984.4,1,5983.4400000000005,0
2023-05-15 13:00:07,5983.6,4075,5982.6,1,5984.6,1,5983.26,0
2023-05-15 13:00:08,5983.6,4075,5983.0,1,5984.4,1,5983.08,0
2023-05-15 13:00:08,5984.4,4077,5982.6,1,5984.6,3,5982.820000000001,0
2023-05-15 13:00:09,5984.4,4077,5983.0,1,5983.8,1,5982.56,0
2023-05-15 13:00:09,5983.8,4078,5983.8,3,5984.6,3,5982.540000000001,0
2023-05-15 13:00:10,5983.8,4081,5983.8,4,5984.2,2,5982.52,0
2023-05-15 13:00:10,5983.8,4085,5982.6,1,5983.6,1,5982.5,0
2023-05-15 13:00:11,5982.6,4086,5981.6,1,5983.6,1,5982.54,0
2023-05-15 13:00:11,5982.6,4086,5981.8,2,5983.4,3,5982.58,0
2023-05-15 13:00:12,5981.8,4087,5981.8,1,5984.2,2,5982.7,1
2023-05-15 13:00:12,5981.8,4087,5981.8,1,5983.8,1,5982.780000000001,1
2023-05-15 13:00:13,5981.8,4087,5982.0,2,5983.6,2,5982.860000000001,1
2023-05-15 13:00:13,5981.8,4087,5982.4,1,5983.6,2,5982.9400000000005,1
2023-05-15 13:00:14,5981.8,4087,5982.4,1,5983.6,2,5982.860000000001,1
2023-05-15 13:00:14,5983.6,4088,5982.6,6,5983.6,1,5982.58,0
2023-05-15 13:00:15,5983.6,4089,5982.8,1,5984.0,1,5982.3,0
2023-05-15 13:00:15,5983.6,4089,5983.0,1,5983.2,1,5981.88,0
2023-05-15 13:00:16,5983.0,4090,5982.6,6,5984.8,1,5981.52,0
2023-05-15 13:00:16,5983.0,4090,5982.8,2,5984.0,1,5981.16,0
2023-05-15 13:00:17,5983.0,4090,5982.8,1,5984.0,1,5980.8,0
2023-05-15 13:00:17,5982.6,4095,5982.6,1,5983.4,1,5980.4800000000005,0
2023-05-15 13:00:18,5982.6,4096,5981.6,1,5982.6,1,5980.299999999999,0
2023-05-15 13:00:18,5982.6,4096,5981.0,1,5983.0,3,5980.12,0
2023-05-15 13:00:19,5981.0,4097,5980.8,1,5982.4,1,5980.1,0
2023-05-15 13:00:19,5980.8,4098,5978.4,2,5981.8,1,5980.1,0
2023-05-15 13:00:20,5980.8,4098,5979.0,2,5980.8,1,5980.1,0
2023-05-15 13:00:20,5979.4,4099,5979.2,3,5980.8,1,5980.24,1
2023-05-15 13:00:21,5979.4,4099,5979.4,2,5980.8,1,5980.38,1
2023-05-15 13:00:21,5979.4,4099,5979.4,1,5980.8,1,5980.52,1
2023-05-15 13:00:22,5979.4,4099,5979.6,1,5980.8,1,5980.66,1
2023-05-15 13:00:22,5979.4,4099,5979.8,2,5980.8,1,5980.9800000000005,1
2023-05-15 13:00:23,5980.8,4100,5980.2,1,5982.0,1,5981.04,1
2023-05-15 13:00:23,5980.8,4100,5980.8,5,5982.2,1,5981.1,1
2023-05-15 13:00:24,5980.8,4100,5981.0,4,5983.6,1,5981.3,1
2023-05-15 13:00:24,5980.8,4100,5981.0,1,5982.8,1,5981.5,1
2023-05-15 13:00:25,5980.8,4100,5981.2,3,5982.6,1,5981.7,1
2023-05-15 13:00:25,5980.8,4100,5981.2,3,5982.6,1,5981.92,1
2023-05-15 13:00:26,5980.8,4100,5981.4,3,5982.6,1,5982.14,1
2023-05-15 13:00:26,5980.8,4100,5981.4,2,5982.8,1,5982.36,1
2023-05-15 13:00:27,5980.8,4100,5982.6,5,5982.8,1,5982.58,1
2023-05-15 13:00:27,5982.6,4105,5981.4,2,5982.4,1,5982.62,1
2023-05-15 13:00:28,5981.4,4106,5981.4,1,5982.4,1,5982.780000000001,1
2023-05-15 13:00:28,5981.4,4106,5981.4,1,5982.8,1,5982.9,1
2023-05-15 13:00:29,5982.8,4107,5981.4,1,5983.2,1,5982.88,1
2023-05-15 13:00:29,5982.8,4107,5981.6,2,5983.0,1,5982.76,0
2023-05-15 13:00:30,5982.8,4107,5981.6,1,5982.8,1,5982.64,0
2023-05-15 13:00:30,5983.0,4111,5983.0,1,5983.2,1,5982.5,0
2023-05-15 13:00:31,5983.0,4112,5981.2,1,5982.8,2,5982.360000000001,0
2023-05-15 13:00:31,5983.0,4112,5981.4,1,5982.8,2,5982.22,0
2023-05-15 13:00:32,5983.0,4112,5981.2,1,5982.6,1,5982.08,0
2023-05-15 13:00:32,5983.0,4112,5980.8,5,5981.4,1,5981.9400000000005,0
2023-05-15 13:00:33,5983.0,4112,5980.8,5,5981.4,1,5981.9,0
2023-05-15 13:00:33,5982.6,4117,5980.8,5,5982.6,2,5981.900000000001,0
2023-05-15 13:00:34,5982.6,4117,5980.8,5,5981.6,1,5981.900000000001,0
2023-05-15 13:00:34,5981.6,4118,5981.4,1,5982.4,1,5982.0,1
2023-05-15 13:00:35,5981.6,4118,5981.4,1,5982.4,1,5982.1,1
2023-05-15 13:00:36,5981.6,4118,5981.4,1,5982.2,1,5982.200000000001,1
2023-05-15 13:00:36,5981.6,4118,5981.6,2,5982.8,1,5982.300000000001,1
2023-05-15 13:00:37,5981.6,4118,5981.6,1,5982.8,1,5982.4,1
2023-05-15 13:00:38,5981.6,4118,5981.4,1,5982.6,1,5982.5,1
2023-05-15 13:00:39,5981.6,4118,5981.6,1,5982.6,1,5982.6,1
2023-05-15 13:00:40,5982.6,4119,5981.6,1,5982.8,1,5982.6,0
2023-05-15 13:00:40,5982.6,4119,5981.6,1,5982.4,1,5982.620000000001,1
2023-05-15 13:00:41,5982.6,4122,5982.6,2,5982.8,1,5982.660000000001,1
2023-05-15 13:00:41,5982.6,4124,5981.6,1,5982.8,1,5982.700000000001,1
2023-05-15 13:00:42,5982.6,4124,5981.8,3,5982.8,1,5982.800000000001,1
2023-05-15 13:00:42,5982.6,4124,5981.8,1,5982.8,1,5982.9,1
2023-05-15 13:00:43,5982.6,4124,5981.8,1,5982.8,1,5983.02,1
2023-05-15 13:00:43,5982.6,4124,5982.0,1,5982.8,1,5983.24,1
2023-05-15 13:00:44,5982.6,4124,5982.2,2,5983.0,1,5983.460000000001,1
2023-05-15 13:00:44,5982.6,4124,5982.8,5,5983.0,1,5983.68,1
2023-05-15 13:00:45,5982.6,4124,5982.8,5,5983.0,1,5983.9,1
2023-05-15 13:00:45,5982.8,4128,5982.8,1,5983.0,1,5984.18,1
2023-05-15 13:00:46,5983.0,4129,5982.8,1,5983.4,2,5984.4400000000005,1
2023-05-15 13:00:46,5983.0,4129,5982.8,1,5983.2,1,5984.7,1
2023-05-15 13:00:47,5983.6,4133,5983.0,1,5983.8,1,5984.88,1
2023-05-15 13:00:47,5983.6,4133,5983.4,1,5983.8,1,5984.88,1
2023-05-15 13:00:48,5983.8,4134,5983.8,1,5984.8,1,5984.86,1
2023-05-15 13:00:48,5984.8,4135,5984.2,1,5985.8,1,5984.740000000001,0
2023-05-15 13:00:49,5984.8,4135,5984.4,1,5985.8,1,5984.620000000001,0
2023-05-15 13:00:49,5984.8,4135,5984.8,1,5985.8,1,5984.52,0
2023-05-15 13:00:50,5984.8,4135,5984.8,1,5985.6,1,5984.42,0
2023-05-15 13:00:50,5985.6,4136,5984.0,2,5985.4,1,5984.200000000001,0
2023-05-15 13:00:51,5985.6,4136,5984.4,3,5985.4,1,5983.96,0
2023-05-15 13:00:52,5985.6,4136,5984.4,3,5985.4,1,5983.68,0
2023-05-15 13:00:52,5985.4,4139,5985.4,1,5986.8,1,5983.42,0
2023-05-15 13:00:53,5983.6,4142,5983.4,1,5986.0,2,5983.2,0
2023-05-15 13:00:53,5983.6,4142,5983.8,1,5985.6,1,5982.9800000000005,0
2023-05-15 13:00:54,5983.6,4142,5983.8,1,5985.4,2,5982.76,0
2023-05-15 13:00:54,5983.6,4142,5983.8,1,5985.2,2,5982.539999999999,0
2023-05-15 13:00:55,5983.8,4143,5983.6,1,5985.2,2,5982.3,0
2023-05-15 13:00:55,5983.8,4143,5983.6,1,5985.0,2,5982.06,0
2023-05-15 13:00:56,5983.4,4145,5983.2,1,5984.8,3,5981.86,0
2023-05-15 13:00:56,5983.2,4146,5982.8,1,5984.4,1,5981.679999999999,0
2023-05-15 13:00:57,5982.8,4147,5982.0,1,5982.8,1,5981.539999999999,0
2023-05-15 13:00:57,5982.8,4147,5981.0,1,5982.6,1,5981.4,0
2023-05-15 13:00:58,5981.4,4148,5981.4,3,5982.8,1,5981.48,1
2023-05-15 13:00:58,5981.4,4148,5981.6,1,5982.8,1,5981.56,1
2023-05-15 13:00:59,5981.4,4148,5981.2,2,5982.8,1,5981.639999999999,1
2023-05-15 13:00:59,5981.4,4148,5981.4,1,5982.6,2,5981.74,1
2023-05-15 13:01:00,5981.4,4148,5981.4,1,5982.6,2,5981.82,1
2023-05-15 13:01:00,5981.4,4148,5981.4,1,5982.4,1,5981.9,1
2023-05-15 13:01:01,5981.4,4149,5981.2,2,5982.4,1,5981.98,1
2023-05-15 13:01:01,5981.4,4149,5981.2,2,5982.4,1,5982.06,1
2023-05-15 13:01:02,5981.4,4149,5981.2,2,5982.2,1,5982.0,1
2023-05-15 13:01:02,5981.4,4149,5981.4,1,5982.2,1,5981.94,1
2023-05-15 13:01:03,5982.2,4153,5982.2,2,5982.4,2,5981.8,0
2023-05-15 13:01:04,5982.2,4155,5981.0,1,5982.2,1,5981.66,0
2023-05-15 13:01:04,5982.2,4155,5980.8,5,5982.4,2,5981.54,0
2023-05-15 13:01:05,5982.4,4157,5982.4,3,5983.0,2,5981.4,0
2023-05-15 13:01:05,5982.2,4161,5981.0,1,5982.8,1,5981.280000000001,0
2023-05-15 13:01:06,5982.2,4161,5981.0,1,5982.4,1,5981.160000000001,0
2023-05-15 13:01:06,5982.2,4161,5980.8,5,5982.2,1,5981.04,0
2023-05-15 13:01:07,5982.2,4161,5980.8,5,5982.4,1,5980.92,0
2023-05-15 13:01:08,5980.8,4166,5979.8,1,5982.2,2,5981.02,1
2023-05-15 13:01:08,5980.8,4166,5979.4,1,5981.2,1,5981.16,1
2023-05-15 13:01:09,5980.8,4166,5978.4,2,5980.4,1,5981.16,1
2023-05-15 13:01:09,5980.8,4166,5978.8,3,5980.4,1,5981.16,1
2023-05-15 13:01:10,5981.0,4169,5979.2,2,5981.0,2,5981.14,1
2023-05-15 13:01:10,5981.0,4170,5979.8,2,5981.0,2,5981.12,1
2023-05-15 13:01:11,5981.0,4172,5980.2,1,5982.0,1,5981.1,1
2023-05-15 13:01:11,5981.0,4172,5980.4,7,5981.8,2,5981.08,1
2023-05-15 13:01:12,5981.0,4172,5980.6,1,5981.8,2,5981.06,1
2023-05-15 13:01:12,5981.0,4172,5980.6,1,5981.8,2,5981.04,1
2023-05-15 13:01:13,5981.8,4174,5981.8,3,5982.2,2,5980.9400000000005,0
2023-05-15 13:01:13,5982.2,4179,5980.4,6,5981.4,1,5980.96,0
2023-05-15 13:01:14,5980.8,4180,5980.8,2,5982.4,1,5981.14,1
2023-05-15 13:01:14,5980.8,4181,5980.8,1,5982.0,1,5981.320000000001,1
2023-05-15 13:01:15,5980.8,4181,5980.8,1,5982.0,1,5981.5,1
2023-05-15 13:01:16,5980.8,4182,5980.6,1,5982.0,1,5981.68,1
2023-05-15 13:01:16,5980.8,4182,5981.2,1,5982.0,1,5981.86,1
2023-05-15 13:01:17,5980.8,4183,5980.6,1,5982.0,1,5982.040000000001,1
2023-05-15 13:01:17,5980.8,4183,5980.8,1,5982.4,1,5982.22,1
2023-05-15 13:01:18,5980.8,4184,5981.0,3,5982.4,1,5982.4,1
2023-05-15 13:01:18,5980.8,4184,5981.4,1,5982.4,1,5982.540000000001,1
2023-05-15 13:01:19,5982.4,4186,5981.4,1,5982.6,1,5982.52,1
2023-05-15 13:01:19,5982.6,4187,5982.8,1,5983.8,1,5982.4800000000005,0
2023-05-15 13:01:20,5982.6,4187,5982.8,1,5983.6,2,5982.54,0
2023-05-15 13:01:20,5982.6,4187,5982.8,1,5983.6,2,5982.6,0
2023-05-15 13:01:21,5982.6,4187,5981.8,1,5983.4,1,5982.66,1
2023-05-15 13:01:21,5982.6,4187,5982.0,2,5983.4,1,5982.72,1
2023-05-15 13:01:22,5982.6,4187,5982.0,2,5983.2,1,5982.78,1
2023-05-15 13:01:22,5982.6,4187,5982.2,1,5983.2,1,5982.839999999999,1
2023-05-15 13:01:23,5982.6,4187,5982.0,2,5982.2,1,5982.9,1
2023-05-15 13:01:23,5982.2,4188,5982.4,1,5984.4,1,5983.0,1
2023-05-15 13:01:24,5982.2,4188,5983.0,1,5983.6,1,5983.1,1
2023-05-15 13:01:24,5982.2,4188,5983.0,1,5983.2,1,5983.2,1
2023-05-15 13:01:25,5983.2,4189,5983.2,1,5984.2,2,5983.199999999999,0
2023-05-15 13:01:25,5983.2,4189,5983.0,1,5983.2,1,5983.2,0
2023-05-15 13:01:26,5983.2,4190,5983.0,1,5984.0,1,5983.24,1
2023-05-15 13:01:26,5983.2,4190,5983.0,1,5985.4,1,5983.28,1
2023-05-15 13:01:27,5983.2,4190,5983.2,3,5984.6,1,5983.38,1
2023-05-15 13:01:27,5983.2,4191,5983.0,1,5984.2,1,5983.4800000000005,1
2023-05-15 13:01:28,5983.2,4191,5983.0,1,5984.2,1,5983.58,1
2023-05-15 13:01:28,5983.2,4191,5983.0,1,5984.6,1,5983.68,1
2023-05-15 13:01:29,5983.2,4191,5983.2,1,5984.2,1,5983.78,1
2023-05-15 13:01:29,5983.2,4191,5983.0,1,5984.2,1,5983.9,1
2023-05-15 13:01:30,5983.2,4191,5982.2,1,5983.8,1,5984.02,1
2023-05-15 13:01:30,5983.2,4191,5982.4,1,5983.6,1,5984.02,1
2023-05-15 13:01:31,5983.6,4192,5982.6,2,5983.8,1,5983.98,1
2023-05-15 13:01:31,5983.6,4192,5984.2,5,5984.4,2,5983.9,1
2023-05-15 13:01:32,5984.2,4193,5984.2,4,5984.4,2,5983.76,0
2023-05-15 13:01:32,5984.2,4193,5984.2,4,5984.4,2,5983.62,0
2023-05-15 13:01:33,5984.2,4194,5984.2,3,5984.4,2,5983.4800000000005,0
2023-05-15 13:01:34,5984.2,4197,5982.8,3,5984.4,2,5983.339999999999,0
2023-05-15 13:01:34,5984.2,4197,5983.0,1,5984.4,2,5983.2,0
2023-05-15 13:01:36,5984.4,4198,5983.0,1,5984.4,1,5983.04,0
2023-05-15 13:01:36,5984.4,4198,5983.2,1,5984.2,1,5982.879999999999,0
2023-05-15 13:01:38,5983.2,4199,5983.0,1,5984.0,1,5982.84,0
2023-05-15 13:01:39,5983.2,4199,5983.2,1,5984.2,1,5982.800000000001,0
2023-05-15 13:01:41,5982.8,4202,5981.4,1,5984.0,1,5982.8,0
2023-05-15 13:01:41,5982.8,4202,5981.6,1,5983.0,1,5982.8,0
2023-05-15 13:01:42,5982.8,4202,5980.4,5,5982.4,2,5982.8,0
2023-05-15 13:01:42,5982.8,4202,5980.8,3,5982.2,1,5982.8,0
2023-05-15 13:01:43,5982.8,4202,5981.0,1,5982.8,4,5982.8,0
2023-05-15 13:01:43,5982.8,4202,5981.4,2,5982.8,3,5982.8,0
2023-05-15 13:01:44,5982.8,4202,5981.4,2,5982.8,1,5982.8,0
2023-05-15 13:01:44,5982.8,4202,5981.6,2,5982.8,1,5982.800000000001,1
2023-05-15 13:01:45,5982.8,4202,5982.2,1,5982.8,1,5982.8,0
2023-05-15 13:01:45,5982.8,4202,5981.4,2,5982.8,1,5982.8,0
2023-05-15 13:01:46,5982.8,4202,5981.4,2,5982.8,1,5982.8,0
2023-05-15 13:01:46,5982.8,4202,5981.4,2,5982.6,1,5982.8,0
2023-05-15 13:01:47,5982.8,4202,5981.6,1,5982.8,1,5982.8,0
2023-05-15 13:01:47,5982.8,4202,5982.0,1,5982.8,1,5982.8,0
2023-05-15 13:01:48,5982.8,4202,5981.6,1,5982.8,1,5982.8,0
2023-05-15 13:01:48,5982.8,4202,5981.6,1,5982.8,1,5982.800000000001,1
2023-05-15 13:01:49,5982.8,4203,5982.0,1,5983.2,1,5982.8,0
2023-05-15 13:01:49,5982.8,4203,5981.4,1,5983.2,1,5982.8,0
2023-05-15 13:01:50,5982.8,4203,5981.6,1,5983.0,2,5982.72,0
2023-05-15 13:01:51,5982.8,4203,5981.4,1,5983.0,2,5982.64,0
2023-05-15 13:01:52,5982.8,4203,5981.4,1,5983.0,2,5982.640000000001,0
2023-05-15 13:01:52,5982.8,4203,5981.4,1,5982.8,2,5982.58,0
2023-05-15 13:01:56,5982.8,4203,5981.4,1,5982.8,1,5982.52,0
2023-05-15 13:01:56,5982.8,4203,5981.6,1,5982.8,2,5982.460000000001,0
2023-05-15 13:01:57,5982.8,4204,5981.6,1,5982.8,1,5982.4800000000005,0
2023-05-15 13:01:58,5982.8,4204,5981.8,1,5982.8,1,5982.58,0
2023-05-15 13:01:58,5982.8,4204,5982.0,1,5982.8,1,5982.72,0
2023-05-15 13:01:59,5982.8,4204,5982.0,1,5982.8,1,5982.86,1
2023-05-15 13:02:00,5982.0,4205,5981.6,1,5982.8,1,5983.08,1
2023-05-15 13:02:01,5982.0,4205,5982.0,2,5982.8,1,5983.3,1
2023-05-15 13:02:01,5982.8,4206,5981.8,1,5983.8,3,5983.44,1
2023-05-15 13:02:02,5982.2,4207,5982.2,3,5983.8,3,5983.56,1
2023-05-15 13:02:02,5982.2,4207,5982.8,1,5983.8,2,5983.68,1
2023-05-15 13:02:03,5982.2,4207,5983.0,1,5983.8,1,5983.799999999999,1
2023-05-15 13:02:03,5983.0,4209,5982.8,1,5983.8,2,5983.839999999999,1
2023-05-15 13:02:04,5983.8,4211,5982.8,1,5984.2,1,5983.8,0
2023-05-15 13:02:05,5984.2,4212,5983.0,2,5985.4,1,5983.719999999999,0
2023-05-15 13:02:05,5984.2,4212,5983.0,2,5983.6,1,5983.639999999999,0
2023-05-15 13:02:06,5984.2,4212,5983.0,2,5985.0,5,5983.56,0
2023-05-15 13:02:06,5984.2,4212,5984.2,1,5984.8,2,5983.379999999999,0
2023-05-15 13:02:07,5984.2,4213,5983.4,1,5984.2,1,5983.2,0
2023-05-15 13:02:07,5983.4,4214,5983.0,2,5984.6,1,5983.099999999999,0
2023-05-15 13:02:08,5983.4,4214,5983.2,1,5984.2,1,5982.999999999999,0
2023-05-15 13:02:08,5983.4,4214,5983.2,1,5984.2,1,5982.9,0
2023-05-15 13:02:09,5983.4,4214,5983.2,1,5984.6,1,5982.8,0
2023-05-15 13:02:10,5983.4,4214,5982.2,1,5984.4,1,5982.699999999999,0
2023-05-15 13:02:10,5983.4,4214,5982.4,2,5983.8,1,5982.599999999999,0
2023-05-15 13:02:11,5983.4,4214,5982.4,1,5983.6,1,5982.62,0
2023-05-15 13:02:11,5983.4,4214,5982.4,1,5983.8,1,5982.64,0
2023-05-15 13:02:12,5982.4,4215,5982.0,2,5983.8,1,5982.76,1
2023-05-15 13:02:12,5982.4,4215,5982.0,2,5983.6,2,5982.879999999999,1
2023-05-15 13:02:13,5982.4,4215,5982.6,4,5983.6,2,5983.0,1
2023-05-15 13:02:13,5982.4,4215,5982.6,4,5983.4,1,5983.120000000001,1
2023-05-15 13:02:14,5982.4,4215,5982.6,4,5983.6,2,5983.24,1
2023-05-15 13:02:14,5982.4,4215,5982.6,4,5983.4,1,5983.36,1
2023-05-15 13:02:15,5982.4,4215,5982.6,4,5983.6,3,5983.4800000000005,1
2023-05-15 13:02:16,5982.4,4215,5983.0,1,5983.6,1,5983.54,1
2023-05-15 13:02:17,5983.6,4216,5983.0,1,5984.4,1,5983.4800000000005,0
2023-05-15 13:02:18,5983.6,4216,5983.0,1,5984.0,2,5983.42,0
2023-05-15 13:02:18,5983.6,4216,5982.6,4,5983.8,1,5983.36,0
2023-05-15 13:02:19,5983.6,4216,5982.6,4,5984.0,2,5983.3,0
2023-05-15 13:02:19,5983.6,4216,5983.0,1,5984.0,2,5983.24,0
2023-05-15 13:02:20,5983.6,4216,5983.0,1,5984.0,1,5983.179999999999,0
2023-05-15 13:02:20,5983.6,4216,5982.6,4,5984.0,1,5983.12,0
2023-05-15 13:02:21,5983.6,4216,5982.6,4,5983.8,1,5983.06,0
2023-05-15 13:02:21,5983.6,4216,5983.0,3,5983.6,1,5982.9400000000005,0
2023-05-15 13:02:22,5983.0,4219,5983.0,3,5983.2,1,5982.88,0
2023-05-15 13:02:22,5983.0,4222,5983.0,3,5983.2,1,5982.820000000001,0
2023-05-15 13:02:23,5983.0,4225,5983.0,3,5983.2,1,5982.76,0
2023-05-15 13:02:23,5983.0,4230,5983.0,2,5983.2,1,5982.7,0
2023-05-15 13:02:24,5983.0,4232,5982.0,1,5983.0,1,5982.64,0
2023-05-15 13:02:26,5983.0,4233,5982.0,1,5983.2,1,5982.58,0
2023-05-15 13:02:27,5983.0,4233,5982.2,3,5983.4,1,5982.52,0
2023-05-15 13:02:28,5983.0,4233,5982.2,2,5983.4,1,5982.46,0
2023-05-15 13:02:30,5983.0,4233,5982.4,1,5983.4,1,5982.42,0
2023-05-15 13:02:31,5982.4,4234,5982.2,2,5983.4,1,5982.4400000000005,1
2023-05-15 13:02:31,5982.4,4234,5982.4,1,5983.4,1,5982.62,1
2023-05-15 13:02:32,5982.4,4234,5982.2,2,5983.4,1,5982.799999999999,1
2023-05-15 13:02:33,5982.4,4234,5982.4,1,5983.4,1,5982.9800000000005,1
2023-05-15 13:02:33,5982.4,4234,5982.6,1,5983.4,1,5983.16,1
2023-05-15 13:02:34,5982.4,4234,5982.4,1,5984.4,1,5983.339999999999,1
2023-05-15 13:02:35,5982.4,4234,5982.6,2,5984.2,3,5983.6,1
2023-05-15 13:02:35,5982.4,4234,5982.4,1,5984.2,3,5983.860000000001,1
2023-05-15 13:02:36,5982.4,4234,5982.4,1,5982.6,1,5984.12,1
2023-05-15 13:02:36,5982.6,4235,5982.8,1,5984.2,2,5984.360000000001,1
2023-05-15 13:02:37,5982.6,4235,5982.8,1,5984.0,1,5984.6,1
2023-05-15 13:02:39,5984.2,4238,5982.8,1,5984.4,1,5984.68,1
2023-05-15 13:02:39,5984.2,4238,5983.2,1,5985.0,2,5984.76,1
2023-05-15 13:02:40,5984.2,4238,5983.4,1,5984.8,1,5984.94,1
2023-05-15 13:02:40,5984.2,4238,5983.8,1,5984.8,1,5985.18,1
2023-05-15 13:02:41,5984.2,4238,5983.8,1,5985.0,2,5985.42,1
2023-05-15 13:02:41,5985.0,4240,5984.0,1,5986.8,1,5985.52,1
2023-05-15 13:02:42,5985.0,4240,5984.4,1,5985.8,1,5985.62,1
2023-05-15 13:02:42,5985.0,4240,5984.4,1,5985.8,1,5985.719999999999,1
2023-05-15 13:02:43,5985.0,4240,5984.4,1,5985.8,1,5985.82,1
2023-05-15 13:02:43,5985.0,4240,5984.6,1,5985.8,1,5985.92,1
2023-05-15 13:02:44,5985.0,4240,5984.8,3,5985.8,1,5986.02,1
2023-05-15 13:02:44,5985.0,4240,5984.8,3,5986.0,1,5986.12,1
2023-05-15 13:02:45,5986.0,4242,5985.2,2,5986.6,2,5986.12,1
2023-05-15 13:02:45,5986.6,4244,5985.8,1,5987.8,1,5986.06,0
2023-05-15 13:02:46,5986.6,4244,5986.6,1,5987.4,1,5986.0,0
2023-05-15 13:02:46,5986.0,4247,5985.8,1,5987.2,2,5986.0,0
2023-05-15 13:02:47,5986.0,4247,5985.0,3,5986.8,1,5986.0,0
2023-05-15 13:02:47,5986.0,4247,5985.2,2,5986.8,1,5986.0,0
2023-05-15 13:02:48,5986.0,4247,5985.4,1,5986.8,1,5986.0,0
2023-05-15 13:02:48,5986.0,4247,5985.4,1,5986.8,2,5986.0,0
2023-05-15 13:02:49,5986.0,4247,5985.4,1,5986.8,1,5986.0,0
2023-05-15 13:02:50,5986.0,4247,5985.4,1,5986.4,1,5986.0,0
2023-05-15 13:02:50,5986.0,4247,5985.0,1,5986.2,1,5986.0,0
2023-05-15 13:02:51,5986.0,4247,5984.0,1,5986.2,1,5986.0,0
2023-05-15 13:02:51,5986.0,4247,5984.4,4,5986.2,1,5986.0,0
2023-05-15 13:02:52,5986.0,4247,5984.6,2,5986.2,1,5986.0,0
2023-05-15 13:02:52,5986.0,4247,5985.0,1,5986.2,1,5986.0,0
2023-05-15 13:02:53,5986.0,4247,5985.0,1,5986.2,1,5986.0,0
2023-05-15 13:02:54,5986.0,4247,5985.2,2,5986.2,1,5986.0,0
2023-05-15 13:02:55,5986.0,4247,5985.4,1,5987.0,1,5986.0,0
2023-05-15 13:02:55,5986.0,4247,5985.4,1,5987.0,1,5986.0,0
2023-05-15 13:02:56,5986.0,4247,5985.6,2,5987.6,1,5986.0,0
2023-05-15 13:02:56,5986.0,4247,5986.0,1,5987.4,1,5986.04,1
2023-05-15 13:02:57,5986.0,4247,5986.2,1,5987.4,1,5986.1,1
2023-05-15 13:02:57,5986.0,4247,5986.2,1,5987.4,2,5986.16,1
2023-05-15 13:02:58,5986.0,4247,5986.2,1,5987.4,2,5986.219999999999,1
2023-05-15 13:02:59,5986.0,4247,5986.4,1,5987.4,2,5986.280000000001,1
2023-05-15 13:02:59,5986.0,4247,5986.4,1,5987.4,2,5986.34,1
2023-05-15 13:03:00,5986.0,4247,5986.2,1,5987.4,2,5986.4,1
2023-05-15 13:03:01,5986.0,4247,5986.2,1,5987.4,2,5986.460000000001,1
2023-05-15 13:03:02,5986.0,4247,5986.6,1,5987.4,2,5986.52,1
2023-05-15 13:03:02,5986.0,4247,5986.4,2,5987.4,2,5986.58,1
2023-05-15 13:03:03,5986.4,4248,5986.4,1,5986.6,1,5986.6,1
2023-05-15 13:03:03,5986.6,4249,5985.8,1,5987.4,2,5986.74,1
2023-05-15 13:03:04,5986.6,4249,5986.0,1,5987.2,2,5986.9400000000005,1
2023-05-15 13:03:04,5986.6,4249,5985.6,1,5986.8,1,5987.02,1
2023-05-15 13:03:05,5986.6,4249,5985.2,2,5986.6,1,5987.1,1
2023-05-15 13:03:05,5986.6,4249,5985.2,2,5986.4,1,5987.18,1
2023-05-15 13:03:06,5986.6,4249,5985.4,1,5986.6,1,5987.26,1
2023-05-15 13:03:06,5986.6,4249,5985.4,2,5987.0,1,5987.339999999999,1
2023-05-15 13:03:07,5986.6,4249,5985.8,1,5987.4,1,5987.42,1
2023-05-15 13:03:07,5986.6,4249,5986.2,2,5987.4,1,5987.5,1
2023-05-15 13:03:08,5986.6,4249,5986.6,1,5987.4,1,5987.58,1
2023-05-15 13:03:08,5988.0,4251,5986.8,2,5988.8,1,5987.52,0
2023-05-15 13:03:09,5988.6,4252,5987.2,1,5988.6,1,5987.219999999999,0
2023-05-15 13:03:09,5987.4,4253,5987.0,1,5988.2,1,5987.04,0
2023-05-15 13:03:10,5987.4,4253,5986.8,1,5988.2,1,5986.86,0
2023-05-15 13:03:10,5987.4,4253,5986.0,1,5987.6,1,5986.679999999999,0
2023-05-15 13:03:11,5987.4,4253,5985.4,1,5987.4,1,5986.5,0
2023-05-15 13:03:11,5987.4,4253,5985.6,3,5987.4,1,5986.34,0
2023-05-15 13:03:12,5987.4,4253,5987.4,2,5987.6,1,5986.18,0
2023-05-15 13:03:12,5987.4,4256,5985.6,1,5987.4,1,5986.02,0
2023-05-15 13:03:13,5987.4,4257,5985.6,1,5987.8,2,5985.860000000001,0
2023-05-15 13:03:13,5987.4,4257,5985.6,1,5986.6,1,5985.64,0
2023-05-15 13:03:14,5985.6,4258,5985.2,2,5986.4,2,5985.6,0
2023-05-15 13:03:14,5985.6,4258,5985.2,2,5986.4,3,5985.56,0
2023-05-15 13:03:15,5985.6,4258,5985.2,2,5986.2,1,5985.64,1
2023-05-15 13:03:15,5985.6,4258,5985.2,2,5986.4,2,5985.72,1
2023-05-15 13:03:16,5985.6,4259,5985.4,1,5985.8,1,5985.8,1
2023-05-15 13:03:16,5985.8,4260,5986.0,1,5987.2,1,5985.86,1
2023-05-15 13:03:17,5985.8,4260,5986.0,1,5987.0,1,5985.92,1
2023-05-15 13:03:17,5985.8,4260,5985.2,2,5986.0,1,5985.9400000000005,1
2023-05-15 13:03:18,5985.8,4260,5985.2,2,5986.0,1,5985.96,1
2023-05-15 13:03:20,5985.2,4261,5985.2,1,5986.8,1,5986.04,1
2023-05-15 13:03:20,5985.2,4261,5985.2,1,5986.4,2,5986.12,1
2023-05-15 13:03:22,5985.2,4261,5985.2,1,5986.4,2,5986.2,1
2023-05-15 13:03:23,5986.4,4262,5985.2,2,5986.4,1,5986.16,0
2023-05-15 13:03:23,5986.4,4262,5985.4,1,5986.4,1,5986.12,0
2023-05-15 13:03:25,5986.4,4262,5985.4,1,5986.6,2,5986.08,0
2023-05-15 13:03:27,5986.4,4262,5985.2,2,5986.0,1,5986.04,0
2023-05-15 13:03:40,5986.4,4262,5985.2,2,5986.0,1,5986.0,0
2023-05-15 13:03:44,5986.0,4263,5985.2,2,5986.6,1,5986.0,0
2023-05-15 13:03:44,5986.0,4263,5985.4,1,5986.6,1,5986.1,1
2023-05-15 13:03:45,5986.0,4263,5985.4,1,5986.8,1,5986.2,1
2023-05-15 13:03:45,5986.0,4263,5985.4,1,5986.6,1,5986.3,1
2023-05-15 13:03:46,5986.0,4263,5985.8,1,5987.2,1,5986.4,1
2023-05-15 13:03:46,5986.0,4263,5985.8,1,5987.2,1,5986.5,1
2023-05-15 13:03:47,5986.0,4263,5986.0,1,5987.2,1,5986.6,1
2023-05-15 13:03:48,5986.0,4263,5986.2,1,5987.2,1,5986.719999999999,1
2023-05-15 13:03:49,5986.0,4263,5986.2,1,5987.0,1,5986.84,1
2023-05-15 13:03:50,5986.0,4263,5986.0,1,5987.0,1,5986.96,1
2023-05-15 13:03:51,5986.0,4263,5986.2,1,5987.0,1,5987.08,1
2023-05-15 13:03:51,5987.0,4264,5986.2,1,5987.2,1,5987.1,1
2023-05-15 13:03:52,5987.0,4264,5986.2,1,5987.2,1,5987.12,1
2023-05-15 13:03:52,5987.0,4264,5986.2,1,5987.2,1,5987.139999999999,1
2023-05-15 13:03:53,5987.0,4264,5986.2,2,5987.2,1,5987.16,1
2023-05-15 13:03:56,5987.0,4264,5986.2,2,5987.2,1,5987.179999999999,1
2023-05-15 13:03:57,5987.0,4264,5986.2,2,5987.2,1,5987.2,1
2023-05-15 13:03:57,5987.2,4265,5986.4,2,5989.2,1,5987.24,1
2023-05-15 13:03:58,5987.2,4265,5987.0,1,5988.6,3,5987.28,1
2023-05-15 13:03:58,5987.2,4265,5987.2,1,5988.4,3,5987.32,1
2023-05-15 13:03:59,5987.2,4265,5987.2,1,5988.4,3,5987.4400000000005,1
2023-05-15 13:03:59,5987.2,4265,5987.2,1,5988.4,3,5987.56,1
2023-05-15 13:04:01,5987.2,4265,5987.2,1,5988.6,1,5987.68,1
2023-05-15 13:04:01,5987.2,4265,5987.2,1,5988.6,1,5987.8,1
2023-05-15 13:04:02,5987.2,4265,5987.2,1,5988.4,1,5987.92,1
2023-05-15 13:04:03,5987.2,4265,5987.6,1,5988.6,1,5988.04,1
2023-05-15 13:04:03,5987.2,4265,5987.8,2,5990.0,1,5988.16,1
2023-05-15 13:04:04,5987.6,4266,5987.8,2,5989.6,2,5988.24,1
2023-05-15 13:04:04,5987.6,4266,5988.4,1,5989.4,3,5988.42,1
2023-05-15 13:04:05,5987.6,4266,5988.4,1,5989.4,3,5988.6,1
2023-05-15 13:04:05,5988.4,4267,5987.8,1,5988.4,3,5988.7,1
2023-05-15 13:04:06,5988.4,4269,5987.8,1,5988.4,1,5988.799999999999,1
2023-05-15 13:04:06,5988.4,4270,5988.0,1,5989.4,1,5988.9,1
2023-05-15 13:04:07,5988.4,4270,5988.2,1,5989.6,2,5989.0,1
2023-05-15 13:04:07,5988.4,4270,5988.4,1,5989.6,2,5989.1,1
2023-05-15 13:04:08,5988.4,4270,5988.2,1,5989.6,1,5989.199999999999,1
2023-05-15 13:04:08,5988.4,4270,5988.6,1,5990.0,1,5989.299999999999,1
2023-05-15 13:04:09,5988.4,4270,5988.2,1,5989.6,1,5989.4,1
2023-05-15 13:04:09,5989.4,4272,5986.6,1,5989.6,1,5989.4,0
2023-05-15 13:04:10,5989.4,4272,5987.8,1,5989.4,1,5989.379999999999,0
2023-05-15 13:04:10,5989.4,4272,5988.0,1,5989.4,2,5989.359999999999,0
2023-05-15 13:04:11,5989.4,4272,5988.0,1,5989.2,1,5989.34,0
2023-05-15 13:04:11,5989.4,4272,5988.0,1,5989.0,1,5989.32,0
2023-05-15 13:04:12,5989.4,4272,5987.4,1,5989.0,1,5989.3,0
2023-05-15 13:04:12,5989.4,4272,5987.6,1,5989.0,1,5989.28,0
2023-05-15 13:04:13,5989.4,4272,5987.8,1,5989.2,1,5989.26,0
2023-05-15 13:04:13,5989.4,4272,5987.8,1,5989.2,1,5989.24,0
2023-05-15 13:04:14,5989.4,4272,5987.8,1,5989.0,1,5989.2,0
2023-05-15 13:04:14,5989.4,4272,5987.8,1,5989.0,2,5989.16,0
2023-05-15 13:04:15,5989.2,4273,5987.8,1,5989.0,2,5989.14,0
2023-05-15 13:04:15,5989.2,4273,5987.8,1,5989.0,1,5989.120000000001,0
2023-05-15 13:04:16,5989.2,4273,5987.8,1,5988.8,1,5989.1,0
2023-05-15 13:04:17,5989.2,4273,5987.8,1,5989.0,1,5989.08,0
2023-05-15 13:04:17,5989.2,4273,5987.8,1,5989.0,1,5989.06,0
2023-05-15 13:04:18,5989.2,4273,5987.8,1,5989.0,1,5989.04,0
2023-05-15 13:04:19,5989.2,4273,5988.0,1,5989.0,1,5989.02,0
2023-05-15 13:04:19,5989.2,4273,5988.4,1,5989.0,1,5989.0,0
2023-05-15 13:04:20,5989.0,4274,5988.4,1,5989.4,1,5989.0,0
2023-05-15 13:04:20,5989.0,4274,5988.4,1,5989.4,1,5989.039999999999,1
2023-05-15 13:04:21,5989.0,4274,5989.0,1,5989.4,1,5989.08,1
2023-05-15 13:04:22,5989.0,4275,5988.0,1,5989.4,1,5989.12,1
2023-05-15 13:04:22,5989.0,4275,5988.2,2,5989.4,1,5989.16,1
2023-05-15 13:04:23,5989.0,4275,5988.4,3,5989.4,1,5989.199999999999,1
2023-05-15 13:04:23,5989.0,4275,5988.4,2,5989.4,1,5989.24,1
2023-05-15 13:04:24,5989.0,4275,5988.4,1,5989.4,1,5989.259999999999,1
2023-05-15 13:04:24,5989.0,4275,5988.4,1,5989.4,1,5989.28,1
2023-05-15 13:04:25,5989.0,4275,5988.2,2,5989.4,1,5989.299999999999,1
2023-05-15 13:04:26,5989.0,4275,5988.4,1,5989.4,2,5989.199999999999,1
2023-05-15 13:04:27,5989.4,4277,5988.4,1,5990.4,1,5989.06,0
2023-05-15 13:04:27,5989.4,4277,5988.6,2,5990.0,1,5988.84,0
2023-05-15 13:04:28,5989.4,4277,5988.6,1,5990.0,1,5988.62,0
2023-05-15 13:04:28,5989.4,4277,5988.2,2,5989.4,1,5988.32,0
2023-05-15 13:04:29,5989.4,4278,5988.2,1,5989.6,2,5988.02,0
2023-05-15 13:04:29,5989.4,4278,5988.2,1,5989.6,2,5987.719999999999,0
2023-05-15 13:04:30,5989.2,4280,5988.0,1,5989.4,1,5987.4400000000005,0
2023-05-15 13:04:31,5989.2,4280,5988.0,1,5989.2,2,5987.16,0
2023-05-15 13:04:32,5989.2,4280,5988.0,1,5989.2,1,5986.88,0
2023-05-15 13:04:36,5988.0,4281,5987.4,1,5988.0,1,5986.719999999999,0
2023-05-15 13:04:36,5988.0,4281,5987.2,1,5987.4,2,5986.56,0
2023-05-15 13:04:37,5987.2,4282,5986.6,1,5987.4,1,5986.499999999999,0
2023-05-15 13:04:37,5987.2,4282,5985.8,1,5986.4,1,5986.44,0
2023-05-15 13:04:38,5986.4,4283,5986.0,1,5987.4,1,5986.46,1
2023-05-15 13:04:38,5986.4,4283,5986.0,1,5987.2,1,5986.48,1
2023-05-15 13:04:39,5986.4,4283,5986.0,1,5988.6,1,5986.5,1
2023-05-15 13:04:39,5986.4,4283,5986.2,1,5987.0,1,5986.52,1
2023-05-15 13:04:40,5986.4,4283,5986.0,1,5987.2,1,5986.54,1
2023-05-15 13:04:40,5986.4,4283,5986.4,1,5987.2,1,5986.56,1
2023-05-15 13:04:41,5986.4,4283,5986.6,1,5987.2,1,5986.58,1
2023-05-15 13:04:41,5986.4,4283,5986.6,1,5987.2,1,5986.6,1
2023-05-15 13:04:42,5986.6,4284,5986.2,1,5987.8,1,5986.640000000001,1
2023-05-15 13:04:42,5986.6,4284,5985.4,1,5987.4,1,5986.68,1
2023-05-15 13:04:43,5986.6,4284,5985.6,2,5987.2,2,5986.719999999999,1
2023-05-15 13:04:43,5986.6,4284,5985.8,1,5987.2,2,5986.76,1
2023-05-15 13:04:44,5986.6,4284,5986.2,1,5987.2,2,5986.8,1
2023-05-15 13:04:44,5986.6,4284,5986.4,2,5987.6,2,5986.839999999999,1
2023-05-15 13:04:45,5986.6,4284,5986.4,2,5988.6,1,5986.88,1
2023-05-15 13:04:45,5986.6,4284,5986.8,1,5988.2,1,5986.92,1
2023-05-15 13:04:46,5986.6,4285,5987.0,1,5988.2,1,5986.960000000001,1
2023-05-15 13:04:46,5986.6,4285,5987.0,1,5988.2,1,5987.16,1
2023-05-15 13:04:47,5987.0,4286,5987.2,10,5988.4,2,5987.320000000001,1
2023-05-15 13:04:47,5987.0,4286,5987.4,1,5988.2,1,5987.46,1
2023-05-15 13:04:48,5987.0,4286,5987.4,1,5988.2,1,5987.6,1
2023-05-15 13:04:48,5987.0,4286,5987.4,1,5988.4,1,5987.74,1
2023-05-15 13:04:49,5987.0,4286,5988.2,1,5988.4,1,5987.76,1
2023-05-15 13:04:49,5987.0,4286,5988.2,2,5989.6,1,5987.780000000001,1
2023-05-15 13:04:50,5987.0,4286,5988.2,2,5989.4,2,5987.8,1
2023-05-15 13:04:50,5987.0,4286,5988.4,1,5989.4,1,5987.820000000001,1
2023-05-15 13:04:51,5987.0,4286,5988.6,1,5989.4,1,5987.839999999999,1
2023-05-15 13:04:51,5988.6,4287,5988.4,1,5989.2,1,5987.7,0
2023-05-15 13:04:52,5988.6,4287,5988.4,1,5989.0,1,5987.56,0
2023-05-15 13:04:52,5988.4,4288,5988.2,1,5989.0,1,5987.44,0
2023-05-15 13:04:53,5988.4,4288,5988.2,1,5988.8,1,5987.320000000001,0
2023-05-15 13:04:53,5988.4,4288,5988.4,2,5988.6,1,5987.2,0
2023-05-15 13:04:54,5987.2,4292,5987.2,9,5988.4,1,5987.26,1
2023-05-15 13:04:54,5987.2,4293,5987.2,8,5988.8,1,5987.32,1
2023-05-15 13:04:55,5987.2,4293,5987.2,8,5988.6,2,5987.38,1
2023-05-15 13:04:55,5987.2,4293,5987.4,1,5988.2,1,5987.44,1
2023-05-15 13:04:56,5987.2,4293,5987.4,1,5988.2,1,5987.5,1
2023-05-15 13:04:56,5987.2,4293,5987.6,1,5988.6,2,5987.660000000001,1
2023-05-15 13:04:57,5987.2,4293,5987.6,1,5989.2,1,5987.82,1
2023-05-15 13:04:57,5987.2,4293,5987.8,1,5989.0,1,5987.9800000000005,1
2023-05-15 13:04:58,5987.2,4293,5987.8,1,5989.4,1,5988.16,1
2023-05-15 13:04:58,5987.2,4293,5988.0,1,5989.2,1,5988.34,1
2023-05-15 13:04:59,5987.8,4294,5987.8,1,5989.2,1,5988.46,1
2023-05-15 13:05:01,5987.8,4294,5988.2,1,5989.4,1,5988.58,1
2023-05-15 13:05:02,5987.8,4294,5988.6,1,5990.4,1,5988.7,1
2023-05-15 13:05:02,5987.8,4294,5988.8,1,5990.0,1,5988.96,1
2023-05-15 13:05:03,5987.8,4294,5988.6,1,5988.8,1,5989.3,1
2023-05-15 13:05:03,5988.8,4295,5988.2,1,5989.8,2,5989.539999999999,1
2023-05-15 13:05:04,5988.8,4295,5988.6,1,5990.0,1,5989.780000000001,1
2023-05-15 13:05:04,5988.8,4295,5989.0,1,5990.4,1,5990.02,1
2023-05-15 13:05:05,5989.0,4296,5989.2,1,5990.4,2,5990.14,1
2023-05-15 13:05:05,5989.0,4296,5989.4,1,5990.4,1,5990.2,1
2023-05-15 13:05:06,5989.0,4296,5989.4,1,5990.4,1,5990.26,1
2023-05-15 13:05:06,5989.0,4296,5989.2,1,5990.4,1,5990.18,1
2023-05-15 13:05:07,5989.0,4296,5989.2,1,5990.2,1,5990.1,1
2023-05-15 13:05:08,5990.4,4298,5989.4,3,5991.2,1,5989.879999999999,0
2023-05-15 13:05:08,5991.2,4299,5990.0,3,5991.4,1,5989.58,0
2023-05-15 13:05:09,5991.2,4299,5990.6,2,5991.4,1,5989.280000000001,0
2023-05-15 13:05:09,5991.2,4299,5990.6,2,5992.4,1,5988.98,0
2023-05-15 13:05:10,5991.2,4299,5991.4,1,5992.0,2,5988.68,0
2023-05-15 13:05:10,5990.2,4301,5990.0,1,5991.2,1,5988.48,0
2023-05-15 13:05:11,5989.6,4302,5989.6,1,5989.8,1,5988.339999999999,0
2023-05-15 13:05:11,5989.6,4302,5987.8,1,5989.4,1,5988.2,0
2023-05-15 13:05:12,5988.2,4305,5988.2,1,5990.8,1,5988.2,0
2023-05-15 13:05:12,5988.2,4305,5988.6,1,5990.2,3,5988.2,0
2023-05-15 13:05:13,5988.2,4305,5988.6,1,5989.8,1,5988.2,0
2023-05-15 13:05:13,5988.2,4305,5988.6,1,5989.8,1,5988.199999999999,0
2023-05-15 13:05:15,5988.2,4305,5988.6,1,5989.8,1,5988.2,0
2023-05-15 13:05:16,5988.2,4305,5988.6,1,5989.8,1,5988.2,0
2023-05-15 13:05:16,5988.2,4305,5988.8,2,5990.6,2,5988.2,0
2023-05-15 13:05:17,5988.2,4305,5989.4,1,5990.6,1,5988.2,0
2023-05-15 13:05:17,5988.2,4305,5989.4,1,5991.8,2,5988.2,0
2023-05-15 13:05:18,5988.2,4305,5989.4,1,5991.2,1,5988.2,0
2023-05-15 13:05:18,5988.2,4305,5989.4,1,5990.8,1,5988.2,0
2023-05-15 13:05:19,5988.2,4305,5989.4,1,5991.0,1,5988.199999999999,0
2023-05-15 13:05:20,5988.2,4305,5989.4,1,5990.8,1,5988.2,0
2023-05-15 13:05:20,5988.2,4305,5989.4,1,5990.8,1,5988.2,0
2023-05-15 13:05:21,5988.2,4305,5989.6,1,5991.0,1,5988.2,0
2023-05-15 13:05:21,5988.2,4305,5989.6,1,5991.2,1,5988.2,0
2023-05-15 13:05:22,5988.2,4305,5989.8,1,5991.2,1,5988.2,0
2023-05-15 13:05:22,5988.2,4305,5989.4,1,5991.0,1,5988.2,0
2023-05-15 13:05:23,5988.2,4305,5989.8,1,5991.2,1,5988.2,0
2023-05-15 13:05:23,5988.2,4305,5989.4,1,5991.0,1,5988.199999999999,0
2023-05-15 13:05:24,5988.2,4305,5989.4,1,5990.6,1,5988.2,0
2023-05-15 13:05:24,5988.2,4305,5989.6,1,5990.6,1,5988.2,0
2023-05-15 13:05:25,5988.2,4305,5989.4,1,5990.6,1,5988.2,0
2023-05-15 13:05:25,5988.2,4305,5989.4,1,5990.6,1,5988.2,0
2023-05-15 13:05:26,5988.2,4305,5989.0,1,5990.4,1,5988.2,0
2023-05-15 13:05:26,5988.2,4305,5989.2,1,5991.0,1,5988.44,1
2023-05-15 13:05:27,5988.2,4305,5989.2,1,5990.8,2,5988.68,1
2023-05-15 13:05:32,5988.2,4305,5989.2,1,5990.8,1,5988.92,1
2023-05-15 13:05:32,5988.2,4305,5989.2,1,5990.6,1,5989.16,1
2023-05-15 13:05:34,5988.2,4305,5989.4,1,5990.6,1,5989.4,1
2023-05-15 13:05:34,5988.2,4305,5989.4,1,5990.8,1,5989.64,1
2023-05-15 13:05:37,5988.2,4305,5989.6,1,5990.8,1,5989.88,1
2023-05-15 13:05:38,5988.2,4305,5989.4,1,5990.4,1,5990.120000000001,1
2023-05-15 13:05:39,5988.2,4305,5989.2,1,5990.4,1,5990.360000000001,1
2023-05-15 13:05:41,5988.2,4305,5989.2,1,5990.6,1,5990.6,1
2023-05-15 13:05:41,5990.6,4306,5990.6,7,5990.8,1,5990.6,0
2023-05-15 13:05:42,5990.6,4313,5989.2,1,5990.8,1,5990.6,0
2023-05-15 13:05:42,5990.6,4313,5989.2,1,5990.6,1,5990.6,0
2023-05-15 13:05:43,5990.6,4313,5989.2,1,5990.6,2,5990.6,0
2023-05-15 13:05:45,5990.6,4314,5989.2,1,5990.6,1,5990.6,0
2023-05-15 13:05:46,5990.6,4314,5989.4,1,5990.6,1,5990.6,0
2023-05-15 13:05:49,5990.6,4315,5989.4,1,5990.8,1,5990.620000000001,1
2023-05-15 13:05:50,5990.6,4315,5989.6,1,5991.0,1,5990.660000000001,1
2023-05-15 13:05:51,5990.6,4315,5989.8,1,5991.0,1,5990.76,1
2023-05-15 13:05:52,5990.6,4315,5989.2,1,5991.0,1,5990.86,1
2023-05-15 13:05:53,5990.6,4315,5989.6,1,5991.0,1,5991.02,1
2023-05-15 13:05:54,5990.6,4315,5989.6,1,5991.0,1,5991.1,1
2023-05-15 13:05:55,5990.6,4315,5989.4,2,5991.0,1,5991.179999999999,1
2023-05-15 13:05:55,5990.6,4315,5989.6,1,5991.0,1,5991.26,1
2023-05-15 13:05:56,5990.6,4315,5989.6,1,5990.8,1,5991.36,1
2023-05-15 13:05:56,5990.6,4315,5989.8,1,5990.8,1,5991.460000000001,1
2023-05-15 13:05:57,5990.8,4316,5990.2,1,5991.0,1,5991.54,1
2023-05-15 13:05:57,5991.0,4317,5990.2,1,5991.8,1,5991.6,1
2023-05-15 13:05:58,5991.6,4318,5990.4,1,5992.2,1,5991.6,0
2023-05-15 13:05:58,5991.6,4318,5990.8,1,5992.2,1,5991.6,0
2023-05-15 13:05:59,5992.2,4319,5991.0,4,5993.6,1,5991.54,0
2023-05-15 13:05:59,5991.4,4320,5991.2,2,5993.2,1,5991.56,1
2023-05-15 13:06:00,5991.4,4320,5991.6,1,5993.0,1,5991.58,1
2023-05-15 13:06:00,5991.4,4320,5991.6,1,5992.8,1,5991.6,1
2023-05-15 13:06:02,5991.6,4321,5991.4,1,5992.6,1,5991.6,0
2023-05-15 13:06:02,5991.6,4321,5991.4,1,5992.6,1,5991.6,0
2023-05-15 13:06:03,5991.6,4321,5991.4,1,5992.4,2,5991.6,0
2023-05-15 13:06:03,5991.6,4321,5991.6,2,5992.4,1,5991.58,0
2023-05-15 13:06:04,5991.6,4321,5991.6,2,5992.0,1,5991.56,0
2023-05-15 13:06:05,5991.6,4323,5991.4,1,5992.0,1,5991.539999999999,0
2023-05-15 13:06:06,5991.6,4323,5991.4,1,5991.8,1,5991.52,0
2023-05-15 13:06:06,5991.6,4323,5991.4,1,5991.6,1,5991.5,0
2023-05-15 13:06:07,5991.6,4323,5990.0,1,5991.6,1,5991.4800000000005,0
2023-05-15 13:06:07,5991.6,4323,5990.6,1,5991.4,1,5991.459999999999,0
2023-05-15 13:06:08,5991.6,4323,5990.6,2,5991.4,1,5991.44,0
2023-05-15 13:06:08,5991.6,4323,5990.6,1,5991.4,1,5991.42,0
2023-05-15 13:06:10,5991.6,4323,5990.6,1,5991.4,1,5991.4,0
2023-05-15 13:06:11,5991.4,4324,5990.6,1,5991.2,1,5991.4,0
2023-05-15 13:06:11,5991.4,4324,5990.6,1,5991.2,1,5991.4,0
2023-05-15 13:06:12,5991.4,4324,5990.6,1,5991.0,1,5991.4,0
2023-05-15 13:06:12,5991.4,4324,5990.6,1,5991.2,1,5991.28,0
2023-05-15 13:06:13,5991.4,4324,5990.0,1,5991.4,1,5991.16,0
2023-05-15 13:06:13,5991.4,4324,5990.0,1,5991.0,1,5991.039999999999,0
2023-05-15 13:06:14,5991.4,4324,5990.0,1,5991.2,4,5991.0,0
2023-05-15 13:06:14,5991.4,4324,5990.2,1,5991.2,4,5990.96,0
2023-05-15 13:06:15,5991.4,4324,5990.0,1,5991.0,1,5990.92,0
2023-05-15 13:06:15,5991.4,4329,5990.0,1,5992.0,1,5990.879999999999,0
2023-05-15 13:06:16,5991.4,4329,5990.4,1,5991.8,1,5990.839999999999,0
2023-05-15 13:06:16,5991.4,4329,5990.4,1,5991.8,1,5990.8,0
2023-05-15 13:06:17,5991.4,4329,5989.4,1,5990.0,1,5990.76,0
2023-05-15 13:06:17,5990.2,4330,5989.8,1,5991.0,1,5990.84,1
2023-05-15 13:06:18,5990.2,4330,5989.8,1,5991.0,1,5990.92,1
2023-05-15 13:06:19,5990.2,4330,5990.0,2,5991.0,1,5990.9800000000005,1
2023-05-15 13:06:20,5991.0,4331,5990.4,1,5991.8,1,5990.96,0
2023-05-15 13:06:20,5991.0,4331,5990.4,1,5991.8,1,5990.9400000000005,0
2023-05-15 13:06:21,5991.0,4331,5990.6,1,5991.8,1,5990.92,0
2023-05-15 13:06:21,5991.0,4331,5990.6,1,5991.8,1,5990.9,0
2023-05-15 13:06:22,5991.0,4331,5990.4,1,5991.6,1,5990.88,0
2023-05-15 13:06:22,5991.0,4331,5990.2,1,5991.4,1,5990.860000000001,0
2023-05-15 13:06:23,5991.0,4331,5989.4,1,5991.0,1,5990.84,0
2023-05-15 13:06:23,5991.0,4331,5989.6,1,5990.8,2,5990.820000000001,0
2023-05-15 13:06:24,5991.0,4331,5989.6,1,5990.8,1,5990.8,0
2023-05-15 13:06:24,5990.8,4332,5989.6,1,5991.0,1,5990.8,0
2023-05-15 13:06:25,5990.8,4332,5989.4,1,5990.6,1,5990.800000000001,1
2023-05-15 13:06:25,5990.8,4332,5987.8,1,5990.2,1,5990.8,0
2023-05-15 13:06:26,5990.8,4332,5988.6,1,5990.0,1,5990.8,0
2023-05-15 13:06:26,5990.8,4332,5988.8,1,5990.4,1,5990.8,0
2023-05-15 13:06:28,5990.8,4332,5988.6,1,5990.0,1,5990.8,0
2023-05-15 13:06:28,5990.8,4332,5988.6,1,5990.4,1,5990.8,0
2023-05-15 13:06:29,5990.8,4332,5988.8,1,5990.2,1,5990.6,0
2023-05-15 13:06:29,5990.8,4333,5988.6,1,5990.4,1,5990.4,0
2023-05-15 13:06:30,5990.8,4333,5988.4,1,5989.4,1,5990.200000000001,0
2023-05-15 13:06:30,5990.8,4333,5988.4,1,5989.4,1,5990.0,0
2023-05-15 13:06:31,5990.8,4333,5988.4,1,5989.2,1,5989.8,0
2023-05-15 13:06:31,5990.8,4333,5988.4,1,5989.4,1,5989.6,0
2023-05-15 13:06:32,5990.8,4333,5988.6,2,5990.2,1,5989.4,0
2023-05-15 13:06:33,5990.8,4333,5988.4,2,5990.0,1,5989.16,0
2023-05-15 13:06:33,5990.8,4333,5988.4,2,5990.0,1,5988.92,0
2023-05-15 13:06:34,5990.8,4333,5988.6,1,5990.0,1,5988.679999999999,0
2023-05-15 13:06:35,5988.8,4334,5988.6,3,5990.0,1,5988.64,0
2023-05-15 13:06:35,5988.8,4334,5988.6,2,5990.0,1,5988.6,0
2023-05-15 13:06:36,5988.8,4334,5989.0,1,5990.0,1,5988.5,0
2023-05-15 13:06:37,5988.8,4334,5989.0,1,5990.0,1,5988.4,0
2023-05-15 13:06:37,5988.8,4334,5989.0,1,5990.0,1,5988.3,0
2023-05-15 13:06:38,5988.8,4334,5988.4,1,5990.0,2,5988.199999999999,0
2023-05-15 13:06:38,5988.8,4334,5988.4,1,5989.8,2,5988.1,0
2023-05-15 13:06:39,5988.4,4335,5988.0,1,5989.6,1,5988.04,0
2023-05-15 13:06:39,5988.4,4335,5987.6,1,5989.2,2,5987.98,0
2023-05-15 13:06:40,5988.4,4335,5987.8,2,5989.2,1,5987.92,0
2023-05-15 13:06:41,5988.4,4335,5987.8,1,5989.0,1,5987.860000000001,0
2023-05-15 13:06:41,5988.4,4335,5987.8,1,5988.6,1,5987.8,0
2023-05-15 13:06:42,5987.8,4336,5986.8,1,5988.4,1,5987.8,0
2023-05-15 13:06:42,5987.8,4336,5987.0,1,5988.4,1,5987.8,0
2023-05-15 13:06:43,5987.8,4336,5987.0,1,5988.6,1,5987.8,0
2023-05-15 13:06:44,5987.8,4336,5987.4,4,5989.6,1,5987.800000000001,1
2023-05-15 13:06:44,5987.8,4336,5987.6,2,5989.2,1,5987.8,0
2023-05-15 13:06:45,5987.8,4336,5988.0,1,5989.2,1,5987.8,0
2023-05-15 13:06:45,5987.8,4336,5988.0,1,5989.2,1,5987.8,0
2023-05-15 13:06:46,5987.8,4336,5988.0,1,5989.4,2,5987.8,0
2023-05-15 13:06:46,5987.8,4336,5988.2,2,5989.4,1,5987.8,0
2023-05-15 13:06:47,5987.8,4336,5988.6,1,5989.4,1,5987.8,0
2023-05-15 13:06:47,5987.8,4336,5988.6,1,5990.0,3,5987.8,0
2023-05-15 13:06:48,5987.8,4336,5988.6,1,5990.0,3,5987.900000000001,1
2023-05-15 13:06:49,5987.8,4336,5988.2,2,5989.6,1,5988.0,1
2023-05-15 13:06:49,5987.8,4336,5988.2,2,5989.6,1,5988.1,1
2023-05-15 13:06:50,5987.8,4336,5988.4,1,5989.8,1,5988.2,1
2023-05-15 13:06:51,5987.8,4336,5988.2,2,5989.8,2,5988.3,1
2023-05-15 13:06:51,5987.8,4336,5988.4,1,5989.8,1,5988.4,1
2023-05-15 13:06:52,5987.8,4336,5988.4,1,5989.8,1,5988.6,1
2023-05-15 13:06:53,5987.8,4336,5988.8,2,5990.0,3,5988.68,1
2023-05-15 13:06:54,5987.8,4336,5988.8,1,5990.0,3,5988.76,1
2023-05-15 13:06:55,5987.8,4336,5989.0,1,5990.0,3,5988.9800000000005,1
2023-05-15 13:06:59,5988.8,4337,5988.2,1,5990.0,3,5989.1,1
2023-05-15 13:07:00,5988.8,4337,5988.4,2,5989.8,1,5989.22,1
2023-05-15 13:07:00,5988.8,4337,5988.8,1,5989.8,1,5989.34,1
2023-05-15 13:07:01,5988.8,4337,5988.8,1,5990.0,3,5989.460000000001,1
2023-05-15 13:07:02,5988.8,4337,5988.6,1,5990.0,3,5989.58,1
2023-05-15 13:07:03,5988.8,4337,5988.8,1,5989.8,1,5989.7,1
2023-05-15 13:07:03,5989.8,4338,5988.6,1,5990.0,3,5989.64,0
2023-05-15 13:07:08,5988.6,4339,5988.4,1,5990.0,3,5989.7,1
2023-05-15 13:07:08,5988.6,4339,5988.6,1,5990.0,3,5989.84,1
2023-05-15 13:07:09,5990.0,4340,5988.6,1,5990.0,2,5989.84,0
2023-05-15 13:07:10,5990.0,4340,5988.8,1,5989.8,1,5989.84,0
2023-05-15 13:07:10,5990.0,4340,5988.4,1,5989.8,1,5989.84,0
2023-05-15 13:07:11,5990.0,4340,5988.4,1,5989.6,1,5989.84,0
2023-05-15 13:07:11,5990.0,4340,5988.2,1,5989.2,2,5989.84,0
2023-05-15 13:07:12,5990.0,4340,5988.4,1,5989.2,1,5989.84,0
2023-05-15 13:07:13,5990.0,4340,5988.2,1,5989.2,1,5989.84,0
2023-05-15 13:07:15,5989.2,4341,5988.2,1,5989.6,1,5989.92,1
2023-05-15 13:07:15,5989.2,4341,5988.6,2,5989.6,1,5990.0,1
2023-05-15 13:07:16,5990.0,4342,5988.6,1,5990.0,1,5990.0,0
2023-05-15 13:07:16,5990.0,4342,5988.8,1,5990.0,1,5990.0,0
2023-05-15 13:07:17,5990.0,4342,5989.0,1,5990.0,1,5990.0,0
2023-05-15 13:07:21,5990.0,4342,5989.2,1,5990.0,1,5990.0,0
2023-05-15 13:07:21,5990.0,4343,5989.0,1,5990.4,1,5990.0,0
2023-05-15 13:07:22,5990.0,4343,5989.0,1,5991.6,1,5990.0,0
2023-05-15 13:07:22,5990.0,4343,5989.8,1,5991.0,2,5990.0,0
2023-05-15 13:07:23,5990.0,4343,5989.2,1,5991.0,2,5990.0,0
2023-05-15 13:07:23,5990.0,4343,5989.2,1,5990.8,1,5990.0,0
2023-05-15 13:07:25,5990.0,4343,5989.4,3,5990.8,1,5990.0,0
2023-05-15 13:07:25,5990.0,4343,5989.6,1,5991.0,2,5990.039999999999,1
2023-05-15 13:07:26,5990.0,4343,5989.6,1,5991.0,1,5990.08,1
2023-05-15 13:07:26,5990.0,4343,5989.4,3,5991.0,1,5990.02,1
2023-05-15 13:07:27,5990.0,4343,5989.4,3,5990.8,1,5989.96,0
2023-05-15 13:07:27,5990.0,4343,5989.4,3,5991.0,1,5989.9,0
2023-05-15 13:07:28,5990.0,4343,5989.6,1,5991.0,1,5989.839999999999,0
2023-05-15 13:07:30,5990.0,4343,5989.6,1,5992.0,1,5989.78,0
2023-05-15 13:07:30,5990.0,4343,5990.0,1,5991.8,2,5989.719999999999,0
2023-05-15 13:07:31,5990.0,4343,5990.4,1,5991.8,2,5989.659999999999,0
2023-05-15 13:07:31,5990.0,4343,5990.4,1,5991.6,1,5989.599999999999,0
2023-05-15 13:07:32,5990.4,4344,5990.2,1,5991.6,1,5989.5,0
2023-05-15 13:07:32,5990.4,4344,5989.4,2,5991.2,4,5989.4,0
2023-05-15 13:07:33,5989.4,4345,5989.2,1,5990.8,1,5989.4,0
2023-05-15 13:07:33,5989.4,4345,5988.8,1,5990.4,1,5989.4,0
2023-05-15 13:07:34,5989.4,4345,5988.2,1,5990.2,1,5989.4,0
2023-05-15 13:07:34,5989.4,4345,5988.6,1,5990.4,2,5989.4,0
2023-05-15 13:07:35,5989.4,4345,5988.8,1,5990.4,1,5989.4,0
2023-05-15 13:07:35,5989.4,4345,5988.8,1,5990.4,1,5989.599999999999,1
2023-05-15 13:07:36,5989.4,4345,5989.0,3,5990.6,2,5989.8,1
2023-05-15 13:07:36,5989.4,4345,5989.2,5,5991.6,1,5990.0,1
2023-05-15 13:07:37,5989.4,4345,5989.2,2,5990.2,1,5990.199999999999,1
2023-05-15 13:07:37,5989.4,4345,5989.4,2,5990.8,1,5990.4,1
2023-05-15 13:07:38,5989.4,4345,5989.4,2,5990.8,1,5990.6,1
2023-05-15 13:07:40,5989.4,4345,5989.6,1,5991.6,1,5990.66,1
2023-05-15 13:07:41,5989.4,4345,5990.0,1,5991.4,1,5990.719999999999,1
2023-05-15 13:07:41,5989.4,4345,5990.0,1,5991.6,1,5990.78,1
2023-05-15 13:07:42,5989.4,4345,5990.0,1,5991.4,1,5990.84,1
2023-05-15 13:07:42,5991.4,4346,5990.0,1,5991.6,1,5990.7,0
2023-05-15 13:07:43,5991.4,4346,5990.0,1,5991.4,1,5990.56,0
2023-05-15 13:07:43,5991.4,4346,5990.2,1,5991.4,1,5990.42,0
2023-05-15 13:07:44,5991.4,4346,5990.0,1,5991.4,1,5990.280000000001,0
2023-05-15 13:07:45,5991.4,4346,5989.8,1,5991.4,1,5990.14,0
2023-05-15 13:07:46,5991.4,4346,5990.0,1,5991.2,3,5990.0,0
2023-05-15 13:07:46,5990.0,4347,5989.8,1,5991.2,3,5990.0,0
2023-05-15 13:07:47,5990.0,4347,5989.0,1,5990.8,1,5990.0,0
2023-05-15 13:07:47,5990.0,4347,5989.2,1,5990.6,1,5990.0,0
2023-05-15 13:07:48,5990.0,4347,5989.2,1,5990.6,1,5990.0,0
2023-05-15 13:07:48,5990.0,4347,5989.4,2,5990.8,1,5990.0,0
2023-05-15 13:07:49,5990.0,4347,5989.6,2,5992.0,1,5990.0,0
2023-05-15 13:07:49,5990.0,4347,5990.0,1,5991.6,2,5990.0,0
2023-05-15 13:07:50,5990.0,4347,5990.0,1,5991.4,1,5990.0,0
2023-05-15 13:07:50,5990.0,4347,5990.0,1,5991.2,1,5990.0,0
2023-05-15 13:07:51,5990.0,4347,5989.8,1,5991.2,1,5990.0,0
2023-05-15 13:07:51,5990.0,4347,5989.6,1,5991.2,1,5990.0,0
2023-05-15 13:07:52,5990.0,4347,5989.6,1,5991.2,1,5990.0,0
2023-05-15 13:07:52,5990.0,4347,5989.6,1,5991.0,1,5990.0,0
2023-05-15 13:07:53,5990.0,4347,5989.6,1,5990.6,1,5990.0,0
2023-05-15 13:07:53,5990.0,4347,5989.0,1,5990.6,1,5990.0,0
2023-05-15 13:07:54,5990.0,4347,5989.4,1,5990.8,1,5989.8,0
2023-05-15 13:07:54,5990.0,4347,5989.4,1,5990.8,1,5989.6,0
2023-05-15 13:07:55,5990.0,4347,5989.2,4,5990.8,1,5989.4,0
2023-05-15 13:07:56,5990.0,4347,5989.2,3,5990.4,1,5989.2,0
2023-05-15 13:07:56,5990.0,4347,5989.2,2,5990.4,1,5989.0,0
2023-05-15 13:07:57,5990.0,4347,5988.8,1,5990.2,1,5988.8,0
2023-05-15 13:07:57,5990.0,4347,5988.2,1,5989.8,1,5988.6,0
2023-05-15 13:07:58,5990.0,4347,5988.4,1,5989.4,1,5988.4,0
2023-05-15 13:07:58,5990.0,4347,5988.2,1,5989.4,1,5988.2,0
2023-05-15 13:07:59,5990.0,4348,5988.2,1,5989.4,1,5988.0,0
2023-05-15 13:07:59,5988.0,4350,5988.0,1,5989.4,1,5988.0,0
2023-05-15 13:08:00,5988.0,4350,5988.2,1,5989.4,1,5988.0,0
2023-05-15 13:08:00,5988.0,4350,5988.4,1,5990.0,1,5988.12,1
2023-05-15 13:08:01,5988.0,4350,5988.6,2,5990.8,1,5988.24,1
2023-05-15 13:08:01,5988.0,4350,5989.2,2,5991.4,1,5988.36,1
2023-05-15 13:08:02,5988.0,4350,5989.6,1,5991.0,1,5988.48,1
2023-05-15 13:08:02,5988.0,4350,5989.2,2,5990.8,3,5988.58,1
2023-05-15 13:08:03,5988.0,4350,5988.8,2,5990.4,1,5988.679999999999,1
2023-05-15 13:08:03,5988.0,4350,5989.0,2,5990.4,1,5988.78,1
2023-05-15 13:08:04,5988.0,4350,5989.0,2,5990.4,1,5988.879999999999,1
2023-05-15 13:08:05,5988.0,4350,5989.0,2,5990.4,1,5988.98,1
2023-05-15 13:08:06,5988.0,4350,5988.8,1,5989.0,1,5989.08,1
2023-05-15 13:08:07,5989.2,4354,5989.0,1,5991.2,1,5989.06,0
2023-05-15 13:08:07,5989.2,4354,5988.0,1,5990.2,2,5989.039999999999,0
2023-05-15 13:08:08,5989.2,4354,5988.6,2,5990.0,2,5989.02,0
2023-05-15 13:08:08,5989.2,4354,5989.0,1,5990.2,2,5989.0,0
2023-05-15 13:08:09,5989.0,4355,5988.8,2,5990.2,1,5989.0,0
2023-05-15 13:08:09,5989.0,4355,5989.2,3,5991.0,1,5989.0,0
2023-05-15 13:08:10,5989.0,4355,5989.4,2,5991.0,1,5989.0,0
2023-05-15 13:08:10,5989.0,4355,5989.4,1,5990.6,1,5989.0,0
2023-05-15 13:08:11,5989.0,4355,5989.4,1,5990.6,1,5989.0,0
2023-05-15 13:08:11,5989.0,4355,5989.4,1,5991.4,1,5989.0,0
2023-05-15 13:08:12,5989.0,4355,5990.0,1,5991.2,1,5989.0,0
2023-05-15 13:08:12,5989.0,4355,5990.0,1,5991.2,1,5989.0,0
2023-05-15 13:08:13,5989.0,4355,5990.2,2,5992.0,1,5989.26,1
2023-05-15 13:08:13,5989.0,4355,5990.4,3,5992.0,1,5989.52,1
2023-05-15 13:08:14,5989.0,4355,5990.6,1,5992.0,1,5989.780000000001,1
2023-05-15 13:08:14,5989.0,4355,5990.8,1,5991.8,1,5990.04,1
2023-05-15 13:08:15,5989.0,4355,5990.4,3,5991.8,2,5990.300000000001,1
2023-05-15 13:08:15,5989.0,4355,5990.4,2,5991.8,2,5990.56,1
2023-05-15 13:08:16,5989.0,4355,5990.6,2,5991.8,1,5990.860000000001,1
2023-05-15 13:08:16,5989.0,4356,5990.6,2,5991.8,1,5991.18,1
2023-05-15 13:08:17,5989.0,4356,5990.4,2,5991.6,2,5991.6,1
2023-05-15 13:08:18,5989.0,4356,5990.6,1,5991.6,2,5992.02,1
2023-05-15 13:08:18,5991.6,4357,5990.4,2,5991.8,1,5992.179999999999,1
2023-05-15 13:08:19,5991.6,4357,5990.6,3,5991.8,1,5992.34,1
2023-05-15 13:08:19,5991.6,4357,5990.8,2,5992.0,1,5992.5,1
2023-05-15 13:08:20,5991.6,4357,5991.0,2,5992.0,1,5992.660000000001,1
2023-05-15 13:08:20,5991.6,4357,5991.0,1,5992.0,1,5992.76,1
2023-05-15 13:08:21,5991.6,4357,5991.0,1,5992.0,1,5992.86,1
2023-05-15 13:08:21,5992.0,4358,5991.2,1,5992.2,1,5992.86,1
2023-05-15 13:08:22,5992.2,4359,5992.2,1,5994.0,1,5992.86,1
2023-05-15 13:08:22,5993.2,4360,5992.4,1,5993.6,2,5992.76,0
2023-05-15 13:08:23,5993.2,4360,5992.6,1,5993.6,2,5992.68,0
2023-05-15 13:08:23,5993.2,4360,5992.6,1,5993.8,2,5992.6,0
2023-05-15 13:08:24,5993.2,4360,5992.6,1,5994.8,1,5992.52,0
2023-05-15 13:08:24,5993.2,4360,5992.6,1,5994.0,1,5992.4400000000005,0
2023-05-15 13:08:25,5993.2,4360,5992.6,1,5993.8,1,5992.359999999999,0
2023-05-15 13:08:26,5992.6,4361,5992.0,1,5993.6,1,5992.339999999999,0
2023-05-15 13:08:27,5992.6,4361,5992.0,1,5993.0,2,5992.32,0
2023-05-15 13:08:27,5992.0,4362,5991.2,1,5992.4,1,5992.36,1
2023-05-15 13:08:28,5992.2,4363,5991.2,1,5992.4,1,5992.38,1
2023-05-15 13:08:28,5992.2,4363,5991.2,1,5992.4,1,5992.4,1
2023-05-15 13:08:29,5992.4,4364,5991.2,1,5992.8,1,5992.4,0
2023-05-15 13:08:30,5992.4,4364,5991.2,1,5992.6,2,5992.4,0
2023-05-15 13:08:30,5992.4,4364,5992.4,1,5992.6,2,5992.4,0
2023-05-15 13:08:31,5992.4,4365,5991.2,1,5992.4,1,5992.359999999999,0
2023-05-15 13:08:31,5992.4,4365,5991.4,1,5992.6,1,5992.32,0
2023-05-15 13:08:32,5992.4,4365,5991.4,1,5992.8,1,5992.280000000001,0
2023-05-15 13:08:33,5992.4,4365,5992.4,1,5992.8,1,5992.24,0
2023-05-15 13:08:34,5992.4,4365,5992.4,1,5992.8,1,5992.139999999999,0
2023-05-15 13:08:35,5992.4,4366,5991.6,1,5992.8,1,5992.02,0
2023-05-15 13:08:36,5992.4,4366,5991.4,1,5992.8,1,5991.9,0
2023-05-15 13:08:36,5992.4,4366,5991.6,1,5992.8,1,5991.66,0
2023-05-15 13:08:37,5992.4,4366,5991.8,1,5992.8,1,5991.42,0
2023-05-15 13:08:38,5992.4,4366,5992.0,1,5992.8,1,5991.18,0
2023-05-15 13:08:39,5992.0,4367,5991.8,1,5992.8,1,5990.9800000000005,0
2023-05-15 13:08:39,5992.0,4367,5991.6,1,5992.6,1,5990.780000000001,0
2023-05-15 13:08:40,5992.0,4367,5991.4,1,5992.6,1,5990.58,0
2023-05-15 13:08:41,5992.0,4367,5991.4,1,5992.4,2,5990.38,0
2023-05-15 13:08:41,5991.4,4368,5991.2,1,5991.4,1,5990.24,0
2023-05-15 13:08:42,5991.2,4369,5990.4,1,5991.2,2,5990.12,0
2023-05-15 13:08:42,5991.2,4369,5990.0,2,5990.2,2,5990.0,0
2023-05-15 13:08:43,5990.0,4372,5989.0,2,5991.0,2,5990.0,0
2023-05-15 13:08:43,5990.0,4372,5989.4,1,5990.8,3,5990.0,0
2023-05-15 13:08:44,5990.0,4372,5990.0,1,5990.8,1,5990.0,0
2023-05-15 13:08:44,5990.0,4372,5990.0,1,5991.2,1,5990.0,0
2023-05-15 13:08:45,5990.0,4372,5990.0,1,5990.8,1,5990.0,0
2023-05-15 13:08:46,5990.0,4372,5990.0,1,5991.0,1,5990.24,1
2023-05-15 13:08:46,5990.0,4372,5990.2,1,5992.0,1,5990.4800000000005,1
2023-05-15 13:08:47,5990.0,4372,5990.0,1,5991.6,2,5990.719999999999,1
2023-05-15 13:08:47,5990.0,4372,5990.4,4,5991.8,2,5990.96,1
2023-05-15 13:08:48,5990.0,4372,5990.4,4,5991.8,1,5991.2,1
2023-05-15 13:08:48,5990.0,4372,5990.4,3,5991.8,1,5991.44,1
2023-05-15 13:08:49,5990.0,4372,5990.6,3,5992.4,1,5991.679999999999,1
2023-05-15 13:08:49,5990.0,4372,5990.8,4,5992.4,1,5991.92,1
2023-05-15 13:08:50,5990.0,4372,5991.0,1,5993.2,1,5992.16,1
2023-05-15 13:08:50,5990.0,4372,5992.4,2,5992.8,1,5992.4,1
2023-05-15 13:08:51,5992.4,4374,5991.0,1,5992.4,2,5992.4,0
2023-05-15 13:08:51,5992.4,4374,5991.4,1,5992.8,1,5992.499999999999,1
2023-05-15 13:08:52,5992.4,4374,5991.6,1,5993.4,2,5992.6,1
2023-05-15 13:08:52,5992.4,4374,5991.8,1,5993.2,1,5992.7,1
2023-05-15 13:08:53,5992.4,4374,5992.2,1,5993.4,2,5992.799999999999,1
2023-05-15 13:08:54,5992.4,4374,5991.8,1,5993.4,1,5992.9,1
2023-05-15 13:08:55,5992.4,4374,5992.2,1,5993.4,1,5992.98,1
2023-05-15 13:08:56,5992.4,4374,5992.4,2,5993.4,1,5993.06,1
2023-05-15 13:08:56,5992.4,4374,5992.4,3,5993.4,1,5993.139999999999,1
2023-05-15 13:08:57,5992.4,4374,5992.4,2,5993.4,1,5993.219999999999,1
2023-05-15 13:08:57,5992.4,4374,5992.4,2,5993.4,1,5993.219999999999,1
2023-05-15 13:08:58,5993.4,4375,5992.4,2,5994.8,1,5993.0,0
2023-05-15 13:08:58,5993.4,4375,5992.8,2,5994.6,2,5992.78,0
2023-05-15 13:08:59,5993.4,4375,5993.2,1,5994.6,2,5992.56,0
2023-05-15 13:08:59,5993.4,4376,5993.4,2,5994.6,2,5992.34,0
2023-05-15 13:09:00,5993.4,4376,5994.0,1,5994.4,1,5992.12,0
2023-05-15 13:09:00,5993.2,4377,5992.6,1,5994.0,1,5991.92,0
2023-05-15 13:09:01,5993.2,4377,5992.4,2,5993.8,2,5991.82,0
2023-05-15 13:09:02,5993.2,4377,5992.4,2,5993.8,2,5991.719999999999,0
2023-05-15 13:09:04,5993.2,4377,5992.4,2,5993.4,1,5991.620000000001,0
2023-05-15 13:09:04,5992.4,4379,5990.6,1,5992.6,1,5991.6,0
2023-05-15 13:09:05,5991.2,4380,5990.8,4,5992.2,1,5991.699999999999,1
2023-05-15 13:09:05,5991.2,4380,5990.8,3,5992.0,1,5991.8,1
2023-05-15 13:09:06,5991.2,4380,5990.8,1,5992.0,1,5991.9,1
2023-05-15 13:09:06,5991.2,4380,5990.8,1,5992.0,1,5992.0,1
2023-05-15 13:09:07,5991.2,4380,5990.8,1,5992.4,1,5992.1,1
2023-05-15 13:09:07,5991.2,4380,5991.0,2,5992.2,1,5992.2,1
2023-05-15 13:09:08,5992.2,4381,5991.6,1,5993.2,1,5992.26,1
2023-05-15 13:09:08,5992.2,4381,5991.6,1,5993.6,1,5992.32,1
2023-05-15 13:09:09,5992.2,4381,5991.8,3,5993.4,3,5992.379999999999,1
2023-05-15 13:09:09,5992.2,4381,5992.0,1,5993.4,3,5992.4400000000005,1
2023-05-15 13:09:10,5992.2,4382,5991.8,3,5993.4,3,5992.5,1
2023-05-15 13:09:10,5992.2,4382,5991.8,2,5993.4,3,5992.56,1
2023-05-15 13:09:11,5992.2,4382,5991.8,2,5993.0,1,5992.620000000001,1
2023-05-15 13:09:11,5992.2,4382,5991.6,1,5993.0,1,5992.679999999999,1
2023-05-15 13:09:12,5992.2,4382,5991.6,1,5992.8,1,5992.74,1
2023-05-15 13:09:13,5992.2,4382,5991.6,1,5992.4,1,5992.8,1
2023-05-15 13:09:14,5992.8,4383,5990.6,1,5993.2,1,5992.8,0
2023-05-15 13:09:15,5992.8,4383,5990.8,4,5992.8,3,5992.8,0
2023-05-15 13:09:15,5992.8,4383,5990.8,3,5992.6,1,5992.8,0
2023-05-15 13:09:16,5992.8,4383,5991.0,1,5992.2,1,5992.8,0
2023-05-15 13:09:16,5992.8,4383,5991.4,1,5992.6,1,5992.800000000001,1
2023-05-15 13:09:17,5992.8,4383,5991.4,1,5992.8,2,5992.8,0
2023-05-15 13:09:17,5992.8,4383,5991.0,3,5992.8,2,5992.82,1
2023-05-15 13:09:18,5992.8,4383,5991.2,4,5992.8,2,5992.84,1
2023-05-15 13:09:18,5992.8,4383,5991.2,3,5992.4,1,5992.86,1
2023-05-15 13:09:19,5992.8,4383,5991.4,1,5992.8,2,5992.88,1
2023-05-15 13:09:19,5992.8,4383,5991.4,1,5992.8,1,5992.9,1
2023-05-15 13:09:20,5992.8,4383,5991.6,2,5992.8,1,5992.92,1
2023-05-15 13:09:20,5992.8,4383,5991.6,2,5993.0,1,5992.9400000000005,1
2023-05-15 13:09:21,5992.8,4383,5991.8,3,5993.0,1,5992.96,1
2023-05-15 13:09:21,5992.8,4383,5991.8,1,5992.8,1,5992.98,1
2023-05-15 13:09:22,5992.8,4383,5992.0,1,5993.0,1,5993.0,1
2023-05-15 13:09:22,5993.0,4384,5991.8,1,5994.4,1,5993.0,0
2023-05-15 13:09:23,5993.0,4384,5992.0,3,5993.8,1,5993.0,0
2023-05-15 13:09:23,5993.0,4384,5992.2,5,5993.6,1,5993.160000000001,1
2023-05-15 13:09:24,5993.0,4384,5993.0,1,5993.8,1,5993.320000000001,1
2023-05-15 13:09:24,5993.0,4384,5993.0,1,5993.8,1,5993.4800000000005,1
2023-05-15 13:09:25,5993.0,4384,5993.0,1,5994.0,2,5993.64,1
2023-05-15 13:09:25,5993.0,4384,5993.0,1,5994.0,1,5993.8,1
2023-05-15 13:09:26,5993.0,4384,5993.0,1,5995.4,1,5994.04,1
2023-05-15 13:09:26,5993.0,4384,5993.4,1,5994.4,1,5994.24,1
2023-05-15 13:09:27,5993.0,4384,5993.6,1,5994.4,1,5994.56,1
2023-05-15 13:09:27,5993.0,4384,5993.6,1,5994.4,1,5994.9,1
2023-05-15 13:09:28,5993.0,4384,5993.8,1,5995.0,1,5995.14,1
2023-05-15 13:09:28,5994.6,4386,5993.2,2,5994.6,1,5995.22,1
2023-05-15 13:09:29,5994.6,4387,5993.4,1,5995.0,1,5995.3,1
2023-05-15 13:09:29,5994.6,4387,5993.8,1,5995.0,1,5995.379999999999,1
2023-05-15 13:09:30,5994.6,4387,5995.0,1,5995.2,1,5995.46,1
2023-05-15 13:09:30,5994.6,4387,5995.4,1,5996.2,1,5995.54,1
2023-05-15 13:09:31,5995.4,4388,5995.0,1,5996.2,1,5995.58,1
2023-05-15 13:09:31,5995.0,4389,5994.2,1,5995.0,1,5995.66,1
2023-05-15 13:09:32,5996.2,4391,5994.8,1,5996.6,2,5995.62,0
2023-05-15 13:09:32,5996.4,4394,5995.0,1,5995.4,2,5995.58,0
2023-05-15 13:09:33,5995.4,4396,5994.4,3,5997.4,1,5995.64,1
2023-05-15 13:09:33,5995.4,4396,5994.6,3,5996.4,1,5995.6,1
2023-05-15 13:09:34,5995.4,4396,5994.6,1,5996.0,1,5995.56,1
2023-05-15 13:09:34,5995.4,4396,5994.4,1,5995.8,1,5995.52,1
2023-05-15 13:09:35,5995.4,4396,5994.4,1,5995.8,1,5995.4800000000005,1
2023-05-15 13:09:35,5995.4,4396,5994.4,1,5995.8,1,5995.4400000000005,1
2023-05-15 13:09:37,5995.8,4397,5994.4,1,5996.2,1,5995.360000000001,0
2023-05-15 13:09:37,5995.8,4397,5994.6,4,5996.0,1,5995.280000000001,0
2023-05-15 13:09:38,5995.8,4397,5994.8,1,5996.0,1,5995.2,0
2023-05-15 13:09:40,5996.0,4398,5994.8,1,5996.2,1,5995.179999999999,0
2023-05-15 13:09:40,5996.0,4398,5995.0,1,5996.4,1,5995.16,0
2023-05-15 13:09:41,5995.0,4399,5994.8,1,5996.4,1,5995.24,1
2023-05-15 13:09:42,5995.0,4399,5994.8,1,5996.0,1,5995.32,1
2023-05-15 13:09:42,5995.0,4399,5994.8,1,5995.8,1,5995.4,1
2023-05-15 13:09:43,5995.0,4399,5995.0,1,5995.8,1,5995.52,1
2023-05-15 13:09:43,5995.0,4399,5995.0,1,5995.8,1,5995.66,1
2023-05-15 13:09:44,5995.0,4399,5995.0,1,5995.8,1,5995.8,1
2023-05-15 13:09:45,5995.0,4399,5995.0,1,5995.8,1,5995.94,1
2023-05-15 13:09:46,5995.0,4399,5995.0,1,5995.8,1,5996.08,1
2023-05-15 13:09:46,5995.8,4400,5995.0,1,5996.4,1,5996.14,1
2023-05-15 13:09:47,5995.8,4400,5995.2,2,5997.0,2,5996.2,1
2023-05-15 13:09:47,5995.8,4400,5995.2,2,5996.6,1,5996.259999999999,1
2023-05-15 13:09:48,5995.8,4400,5995.2,1,5996.6,1,5996.280000000001,1
2023-05-15 13:09:48,5995.8,4400,5996.4,2,5996.6,1,5996.3,1
2023-05-15 13:09:49,5996.2,4402,5995.2,1,5996.4,3,5996.280000000001,1
2023-05-15 13:09:49,5996.4,4403,5995.4,1,5996.4,1,5996.24,0
2023-05-15 13:09:50,5996.4,4403,5995.6,1,5996.4,1,5996.2,0
2023-05-15 13:09:50,5996.4,4403,5995.8,1,5998.0,1,5996.160000000001,0
2023-05-15 13:09:51,5996.4,4403,5996.0,2,5997.6,2,5996.1,0
2023-05-15 13:09:51,5996.4,4403,5996.4,1,5997.6,1,5996.06,0
2023-05-15 13:09:52,5996.4,4404,5996.6,1,5997.8,1,5996.02,0
2023-05-15 13:09:52,5996.4,4404,5996.6,1,5997.6,2,5995.9800000000005,0
2023-05-15 13:09:53,5996.0,4406,5995.6,1,5997.6,2,5995.9800000000005,0
2023-05-15 13:09:53,5996.0,4406,5996.0,3,5997.4,3,5995.9800000000005,0
2023-05-15 13:09:54,5996.0,4406,5996.2,1,5997.4,2,5995.9800000000005,0
2023-05-15 13:09:54,5996.0,4406,5996.0,2,5997.4,2,5995.88,0
2023-05-15 13:09:55,5996.0,4406,5996.0,2,5997.4,1,5995.780000000001,0
2023-05-15 13:09:55,5996.0,4406,5996.2,1,5997.0,1,5995.68,0
2023-05-15 13:09:56,5995.8,4407,5994.0,1,5996.0,1,5995.6,0
2023-05-15 13:09:56,5996.0,4408,5995.0,2,5996.6,1,5995.5,0
2023-05-15 13:09:57,5996.0,4408,5995.4,2,5996.6,1,5995.4,0
2023-05-15 13:09:57,5996.0,4408,5995.4,1,5996.6,1,5995.3,0
2023-05-15 13:09:58,5996.0,4408,5995.2,1,5996.4,1,5995.2,0
2023-05-15 13:09:59,5996.0,4408,5995.2,1,5996.6,1,5995.1,0
2023-05-15 13:09:59,5996.0,4408,5995.2,1,5996.4,2,5995.0,0
2023-05-15 13:10:00,5995.0,4411,5994.6,3,5996.0,1,5994.92,0
2023-05-15 13:10:00,5995.0,4411,5994.4,1,5995.4,1,5994.84,0
2023-05-15 13:10:01,5995.0,4411,5993.2,1,5994.6,1,5994.76,0
2023-05-15 13:10:01,5995.0,4411,5993.4,2,5994.6,1,5994.68,0
2023-05-15 13:10:02,5995.0,4411,5993.4,2,5994.6,1,5994.6,0
2023-05-15 13:10:03,5995.0,4411,5993.4,2,5994.6,1,5994.52,0
2023-05-15 13:10:03,5995.0,4411,5993.4,2,5994.4,1,5994.4400000000005,0
2023-05-15 13:10:04,5995.0,4411,5993.4,1,5994.4,1,5994.36,0
2023-05-15 13:10:04,5995.0,4411,5992.4,1,5994.2,1,5994.280000000001,0
2023-05-15 13:10:05,5995.0,4411,5993.6,1,5994.2,1,5994.2,0
2023-05-15 13:10:05,5994.2,4413,5993.6,1,5994.6,1,5993.9800000000005,0
2023-05-15 13:10:06,5994.2,4413,5993.6,1,5994.6,1,5993.76,0
2023-05-15 13:10:06,5994.2,4413,5993.6,1,5994.6,1,5993.54,0
2023-05-15 13:10:07,5994.2,4413,5992.6,1,5994.2,2,5993.32,0
2023-05-15 13:10:08,5994.2,4413,5990.6,1,5994.0,1,5993.1,0
2023-05-15 13:10:08,5994.2,4413,5992.6,1,5992.8,1,5992.88,0
2023-05-15 13:10:09,5994.2,4413,5991.4,1,5993.4,1,5992.66,0
2023-05-15 13:10:09,5994.2,4413,5991.6,2,5993.0,1,5992.4400000000005,0
2023-05-15 13:10:10,5994.2,4413,5991.8,1,5993.0,1,5992.2,0
2023-05-15 13:10:10,5994.2,4413,5991.8,1,5993.0,1,5991.96,0
2023-05-15 13:10:11,5992.0,4414,5991.6,1,5992.8,1,5991.9400000000005,0
2023-05-15 13:10:11,5992.0,4414,5991.6,1,5992.8,1,5991.92,0
2023-05-15 13:10:12,5992.0,4414,5991.6,1,5992.8,1,5991.82,0
2023-05-15 13:10:12,5992.0,4414,5991.6,1,5993.0,1,5991.719999999999,0
2023-05-15 13:10:13,5992.0,4414,5991.8,1,5993.0,1,5991.62,0
2023-05-15 13:10:14,5992.0,4414,5991.6,1,5992.6,1,5991.52,0
2023-05-15 13:10:15,5992.0,4414,5990.6,1,5992.4,1,5991.42,0
2023-05-15 13:10:15,5992.0,4414,5989.0,1,5991.8,1,5991.32,0
2023-05-15 13:10:16,5991.8,4415,5990.4,1,5991.6,1,5991.24,0
2023-05-15 13:10:16,5991.8,4415,5990.4,1,5991.8,1,5991.16,0
2023-05-15 13:10:17,5991.8,4415,5991.0,3,5991.8,1,5991.08,0
2023-05-15 13:10:17,5991.8,4415,5991.0,3,5991.8,1,5991.02,0
2023-05-15 13:10:18,5991.0,4416,5991.0,2,5992.0,1,5991.02,1
2023-05-15 13:10:20,5991.0,4416,5991.0,2,5991.6,1,5990.9,0
2023-05-15 13:10:21,5991.0,4417,5991.0,1,5991.6,1,5990.780000000001,0
2023-05-15 13:10:21,5991.0,4417,5991.2,2,5991.6,1,5990.8,0
2023-05-15 13:10:22,5991.0,4417,5991.2,2,5991.8,1,5990.820000000001,0
2023-05-15 13:10:22,5991.0,4417,5991.2,2,5991.6,1,5990.84,0
2023-05-15 13:10:23,5991.0,4417,5991.2,2,5992.0,1,5990.860000000001,0
2023-05-15 13:10:24,5991.0,4417,5991.6,1,5992.0,1,5990.88,0
2023-05-15 13:10:24,5991.0,4417,5991.2,2,5992.0,1,5990.9,0
2023-05-15 13:10:25,5991.2,4418,5991.2,1,5991.4,2,5990.9,0
2023-05-15 13:10:26,5991.0,4420,5990.0,1,5991.0,1,5990.92,0
2023-05-15 13:10:26,5989.8,4422,5989.6,2,5989.8,1,5991.06,1
2023-05-15 13:10:27,5989.8,4423,5989.0,1,5991.0,1,5991.2,1
2023-05-15 13:10:27,5991.2,4426,5990.0,1,5991.2,1,5991.2,0
2023-05-15 13:10:28,5991.2,4426,5990.2,1,5991.0,1,5991.2,0
2023-05-15 13:10:28,5991.2,4427,5990.2,2,5991.2,1,5991.2,0
2023-05-15 13:10:29,5991.2,4427,5990.2,1,5991.2,1,5991.2,0
2023-05-15 13:10:30,5991.2,4427,5989.4,1,5991.0,1,5991.2,0
2023-05-15 13:10:30,5991.2,4427,5989.8,1,5991.2,1,5991.2,0
2023-05-15 13:10:31,5991.2,4427,5989.8,1,5991.2,1,5991.199999999999,0
2023-05-15 13:10:31,5991.2,4427,5989.8,1,5991.0,1,5991.2,0
2023-05-15 13:10:32,5991.2,4427,5989.8,1,5991.0,1,5991.2,0
2023-05-15 13:10:32,5991.2,4427,5989.4,1,5991.0,1,5991.2,0
2023-05-15 13:10:33,5991.2,4427,5989.4,1,5991.0,1,5991.2,0
2023-05-15 13:10:34,5991.2,4427,5989.8,1,5991.0,1,5991.2,0
2023-05-15 13:10:34,5991.2,4427,5989.4,1,5991.0,1,5991.2,0
2023-05-15 13:10:35,5991.2,4427,5989.8,1,5991.0,2,5991.2,0
2023-05-15 13:10:35,5991.2,4427,5989.6,1,5990.8,1,5991.039999999999,0
2023-05-15 13:10:36,5991.2,4427,5989.0,1,5990.4,1,5990.88,0
2023-05-15 13:10:36,5991.2,4427,5989.0,1,5990.4,1,5990.72,0
2023-05-15 13:10:37,5991.2,4427,5989.4,1,5990.6,1,5990.5,0
2023-05-15 13:10:38,5991.2,4427,5989.6,1,5990.8,1,5990.280000000001,0
2023-05-15 13:10:38,5991.2,4427,5989.6,1,5990.8,1,5990.06,0
2023-05-15 13:10:39,5991.2,4427,5989.0,1,5990.4,1,5989.84,0
2023-05-15 13:10:39,5991.2,4427,5989.0,1,5990.2,1,5989.620000000001,0
2023-05-15 13:10:40,5991.2,4427,5989.0,1,5990.2,1,5989.4,0
2023-05-15 13:10:40,5991.2,4427,5989.4,1,5990.4,1,5989.18,0
2023-05-15 13:10:41,5989.6,4428,5989.2,1,5990.4,1,5989.04,0
2023-05-15 13:10:41,5989.6,4428,5989.0,1,5990.2,2,5988.9,0
2023-05-15 13:10:42,5989.6,4428,5989.0,1,5990.0,2,5988.76,0
2023-05-15 13:10:42,5989.0,4429,5988.0,1,5989.6,1,5988.74,0
2023-05-15 13:10:43,5989.0,4429,5988.0,1,5989.4,1,5988.719999999999,0
2023-05-15 13:10:43,5989.0,4429,5988.0,1,5989.2,1,5988.7,0
2023-05-15 13:10:44,5989.0,4429,5988.0,1,5989.2,1,5988.679999999999,0
2023-05-15 13:10:44,5989.0,4429,5988.0,1,5989.2,1,5988.66,0
2023-05-15 13:10:45,5989.0,4429,5988.2,2,5989.4,2,5988.64,0
2023-05-15 13:10:45,5989.0,4429,5988.0,1,5988.2,1,5988.62,0
2023-05-15 13:10:46,5988.2,4430,5988.0,1,5989.0,1,5988.68,1
2023-05-15 13:10:46,5988.2,4430,5988.2,1,5989.0,1,5988.740000000001,1
2023-05-15 13:10:47,5988.2,4430,5988.4,2,5988.8,1,5988.8,1
2023-05-15 13:10:47,5988.8,4431,5989.0,1,5990.0,1,5988.8,0
2023-05-15 13:10:48,5988.8,4431,5989.0,1,5989.8,1,5988.8,0
2023-05-15 13:10:48,5988.8,4431,5989.0,1,5990.6,1,5988.8,0
2023-05-15 13:10:49,5988.8,4431,5989.0,1,5990.4,3,5988.72,0
2023-05-15 13:10:49,5988.8,4431,5989.0,1,5990.4,3,5988.64,0
2023-05-15 13:10:50,5988.8,4431,5988.6,1,5990.0,1,5988.56,0
2023-05-15 13:10:50,5988.8,4431,5988.0,1,5989.6,3,5988.4800000000005,0
2023-05-15 13:10:51,5988.8,4431,5988.0,1,5989.4,1,5988.4,0
2023-05-15 13:10:51,5988.8,4431,5988.0,1,5989.2,1,5988.32,0
2023-05-15 13:10:52,5988.8,4431,5988.0,1,5989.2,1,5988.24,0
2023-05-15 13:10:52,5988.8,4431,5988.0,1,5989.0,1,5988.16,0
2023-05-15 13:10:53,5988.8,4431,5988.0,1,5989.2,1,5988.08,0
2023-05-15 13:10:53,5988.8,4431,5988.0,1,5989.4,1,5987.9800000000005,0
2023-05-15 13:10:55,5988.0,4432,5987.8,1,5989.4,1,5987.9400000000005,0
2023-05-15 13:10:56,5988.0,4432,5987.8,1,5989.2,1,5987.780000000001,0
2023-05-15 13:10:56,5988.0,4432,5988.0,1,5989.2,1,5987.62,0
2023-05-15 13:10:57,5988.0,4432,5987.8,1,5989.2,1,5987.46,0
2023-05-15 13:10:57,5988.0,4432,5987.6,5,5989.0,1,5987.26,0
2023-05-15 13:10:58,5988.0,4432,5987.6,5,5989.0,2,5987.02,0
2023-05-15 13:10:58,5988.0,4432,5987.6,5,5989.0,2,5986.780000000001,0
2023-05-15 13:10:59,5988.0,4432,5987.8,1,5989.0,1,5986.54,0
2023-05-15 13:10:59,5988.0,4433,5987.8,1,5989.0,1,5986.3,0
2023-05-15 13:11:02,5987.8,4434,5987.6,5,5988.6,2,5986.02,0
2023-05-15 13:11:03,5987.6,4439,5985.2,1,5988.0,2,5985.76,0
2023-05-15 13:11:03,5986.4,4441,5985.8,2,5987.6,2,5985.62,0
2023-05-15 13:11:04,5986.4,4441,5986.0,3,5987.0,1,5985.4800000000005,0
2023-05-15 13:11:04,5986.4,4441,5986.0,2,5986.8,1,5985.4,0
2023-05-15 13:11:05,5986.0,4442,5985.4,1,5985.6,1,5985.360000000001,0
2023-05-15 13:11:05,5985.6,4443,5985.0,2,5985.4,1,5985.360000000001,0
2023-05-15 13:11:06,5985.6,4444,5985.4,1,5987.2,1,5985.36,0
2023-05-15 13:11:06,5985.6,4444,5985.0,2,5986.2,1,5985.36,0
2023-05-15 13:11:07,5985.6,4444,5985.0,2,5986.2,1,5985.360000000001,0
2023-05-15 13:11:07,5985.0,4445,5985.0,1,5986.2,1,5985.26,1
2023-05-15 13:11:08,5985.0,4445,5985.0,1,5986.2,1,5985.160000000001,1
2023-05-15 13:11:08,5985.0,4445,5985.0,1,5985.8,1,5985.06,1
2023-05-15 13:11:09,5985.0,4445,5985.0,1,5985.6,2,5984.960000000001,0
2023-05-15 13:11:09,5985.6,4447,5983.2,1,5987.0,2,5984.800000000001,0
2023-05-15 13:11:10,5985.6,4447,5984.4,1,5985.6,1,5984.64,0
2023-05-15 13:11:10,5985.6,4447,5983.8,3,5985.6,1,5984.4800000000005,0
2023-05-15 13:11:11,5985.6,4447,5984.0,1,5985.2,1,5984.320000000001,0
2023-05-15 13:11:11,5985.6,4447,5983.8,2,5984.8,1,5984.160000000001,0
2023-05-15 13:11:12,5985.6,4447,5983.4,1,5984.0,1,5984.1,0
2023-05-15 13:11:12,5984.0,4448,5984.0,1,5985.2,1,5984.219999999999,1
2023-05-15 13:11:13,5984.0,4448,5983.0,1,5985.0,1,5984.339999999999,1
2023-05-15 13:11:13,5984.0,4448,5983.4,2,5984.8,1,5984.46,1
2023-05-15 13:11:14,5984.0,4448,5983.6,1,5984.8,1,5984.58,1
2023-05-15 13:11:14,5984.0,4448,5983.8,1,5984.8,1,5984.7,1
2023-05-15 13:11:15,5984.0,4448,5983.4,1,5984.8,1,5984.82,1
2023-05-15 13:11:15,5984.0,4448,5983.6,1,5984.8,1,5984.94,1
2023-05-15 13:11:16,5984.0,4448,5983.6,1,5985.0,1,5985.06,1
2023-05-15 13:11:16,5984.0,4448,5983.6,1,5985.0,1,5985.179999999999,1
2023-05-15 13:11:17,5985.0,4449,5984.0,1,5985.2,1,5985.199999999999,1
2023-05-15 13:11:17,5985.2,4450,5985.2,1,5987.0,2,5985.2,0
2023-05-15 13:11:18,5985.2,4450,5985.6,1,5987.0,1,5985.2,0
2023-05-15 13:11:18,5985.2,4450,5985.8,4,5986.8,2,5985.2,0
2023-05-15 13:11:19,5985.2,4451,5985.4,3,5986.8,2,5985.2,0
2023-05-15 13:11:19,5985.2,4451,5985.4,1,5986.6,1,5985.2,0
2023-05-15 13:11:20,5985.2,4451,5985.4,1,5986.8,1,5985.2,0
2023-05-15 13:11:20,5985.2,4451,5985.2,1,5986.8,1,5985.2,0
2023-05-15 13:11:21,5985.2,4451,5984.2,3,5986.4,1,5985.199999999999,0
2023-05-15 13:11:21,5985.2,4451,5984.6,2,5986.2,1,5985.34,1
2023-05-15 13:11:22,5985.2,4451,5984.8,1,5986.2,1,5985.4800000000005,1
2023-05-15 13:11:22,5985.2,4451,5984.8,1,5986.2,1,5985.66,1
2023-05-15 13:11:24,5985.2,4451,5984.8,1,5986.4,1,5985.84,1
2023-05-15 13:11:27,5985.2,4451,5985.0,3,5986.4,1,5986.02,1
2023-05-15 13:11:27,5985.2,4451,5985.2,2,5986.6,2,5986.3,1
2023-05-15 13:11:28,5985.2,4451,5985.4,1,5986.6,2,5986.6,1
2023-05-15 13:11:28,5985.2,4451,5985.4,1,5986.6,2,5986.879999999999,1
2023-05-15 13:11:29,5985.2,4451,5985.4,1,5986.6,1,5987.16,1
2023-05-15 13:11:31,5985.2,4451,5985.6,1,5986.6,1,5987.4400000000005,1
2023-05-15 13:11:32,5986.6,4452,5985.8,2,5987.0,3,5987.58,1
2023-05-15 13:11:32,5986.6,4452,5986.2,1,5987.0,2,5987.719999999999,1
2023-05-15 13:11:33,5987.0,4454,5986.6,1,5988.4,1,5987.82,1
2023-05-15 13:11:33,5987.0,4454,5986.8,1,5988.0,1,5987.92,1
2023-05-15 13:11:34,5987.0,4454,5986.6,1,5988.0,1,5988.04,1
2023-05-15 13:11:37,5988.0,4455,5986.8,4,5988.2,1,5988.06,1
2023-05-15 13:11:37,5988.2,4457,5987.4,1,5988.0,1,5988.06,0
2023-05-15 13:11:38,5988.0,4458,5988.2,1,5989.6,1,5988.08,1
2023-05-15 13:11:38,5988.0,4458,5988.2,1,5989.4,3,5988.1,1
2023-05-15 13:11:39,5988.0,4458,5987.6,1,5989.4,4,5988.12,1
2023-05-15 13:11:39,5988.0,4458,5987.8,2,5989.4,4,5988.280000000001,1
2023-05-15 13:11:40,5988.0,4458,5988.0,1,5989.4,4,5988.4400000000005,1
2023-05-15 13:11:41,5988.0,4458,5988.2,1,5989.4,1,5988.6,1
2023-05-15 13:11:41,5988.0,4458,5988.2,1,5989.4,1,5988.76,1
2023-05-15 13:11:42,5988.2,4459,5987.8,1,5989.4,1,5988.9,1
2023-05-15 13:11:42,5988.2,4459,5988.4,1,5989.4,1,5989.04,1
2023-05-15 13:11:43,5988.2,4459,5988.6,1,5990.8,1,5989.18,1
2023-05-15 13:11:43,5988.2,4459,5989.4,1,5991.0,1,5989.32,1
2023-05-15 13:11:44,5988.2,4459,5989.6,5,5991.0,1,5989.460000000001,1
2023-05-15 13:11:44,5988.2,4459,5990.0,2,5991.0,1,5989.6,1
2023-05-15 13:11:45,5989.6,4463,5989.6,1,5990.8,2,5989.6,0
2023-05-15 13:11:45,5989.6,4463,5988.8,1,5989.6,1,5989.6,0
2023-05-15 13:11:46,5989.6,4463,5988.0,1,5990.2,1,5989.6,0
2023-05-15 13:11:46,5989.6,4463,5988.4,1,5989.8,3,5989.6,0
2023-05-15 13:11:47,5989.6,4463,5988.4,1,5989.8,3,5989.6,0
2023-05-15 13:11:47,5989.6,4463,5988.6,1,5989.8,1,5989.6,0
2023-05-15 13:11:48,5989.6,4463,5988.8,1,5990.0,1,5989.72,1
2023-05-15 13:11:48,5989.6,4463,5989.0,2,5990.6,2,5989.840000000001,1
2023-05-15 13:11:49,5989.6,4463,5989.2,1,5990.6,2,5989.96,1
2023-05-15 13:11:49,5989.6,4463,5989.0,1,5990.6,2,5990.08,1
2023-05-15 13:11:50,5989.6,4463,5988.6,1,5990.4,2,5990.200000000001,1
2023-05-15 13:11:50,5989.6,4463,5988.8,2,5990.2,1,5990.320000000001,1
2023-05-15 13:11:51,5989.6,4463,5989.0,3,5990.6,2,5990.4400000000005,1
2023-05-15 13:11:51,5989.6,4463,5989.2,1,5990.6,1,5990.56,1
2023-05-15 13:11:52,5989.6,4463,5989.4,1,5990.6,1,5990.68,1
2023-05-15 13:11:52,5989.6,4463,5990.8,1,5991.0,1,5990.8,1
2023-05-15 13:11:53,5990.8,4465,5989.6,1,5992.0,1,5990.860000000001,1
2023-05-15 13:11:53,5990.8,4465,5990.2,1,5991.6,2,5990.92,1
2023-05-15 13:11:54,5990.8,4465,5989.8,1,5991.0,1,5990.9800000000005,1
2023-05-15 13:11:54,5990.8,4465,5989.4,2,5991.0,1,5991.04,1
2023-05-15 13:11:55,5990.8,4465,5989.4,2,5991.0,1,5991.1,1
2023-05-15 13:11:55,5990.8,4465,5989.4,2,5990.8,1,5991.36,1
2023-05-15 13:11:56,5990.8,4465,5989.4,2,5990.8,1,5991.62,1
2023-05-15 13:11:57,5990.8,4465,5989.6,2,5991.4,1,5991.879999999999,1
2023-05-15 13:11:57,5990.8,4465,5990.4,1,5991.8,4,5992.0,1
2023-05-15 13:11:58,5990.8,4465,5990.4,1,5991.4,1,5992.12,1
2023-05-15 13:11:58,5991.4,4466,5990.8,1,5993.2,1,5992.18,1
2023-05-15 13:11:59,5991.4,4466,5991.2,1,5992.6,1,5992.24,1
2023-05-15 13:11:59,5991.4,4466,5991.4,2,5992.8,1,5992.3,1
2023-05-15 13:12:00,5991.4,4466,5992.0,1,5993.0,1,5992.379999999999,1
2023-05-15 13:12:00,5991.4,4466,5992.0,1,5994.2,1,5992.459999999999,1
2023-05-15 13:12:01,5993.4,4467,5992.2,2,5993.8,2,5992.34,0
2023-05-15 13:12:01,5993.4,4467,5991.8,1,5993.6,2,5992.219999999999,0
2023-05-15 13:12:02,5993.4,4467,5992.0,1,5993.2,2,5992.1,0
2023-05-15 13:12:02,5992.0,4468,5991.0,1,5992.8,1,5992.12,1
2023-05-15 13:12:03,5992.0,4468,5991.2,3,5992.8,1,5992.139999999999,1
2023-05-15 13:12:03,5992.0,4468,5991.4,1,5992.8,1,5992.16,1
2023-05-15 13:12:04,5992.0,4468,5991.2,2,5992.8,1,5992.179999999999,1
2023-05-15 13:12:05,5992.0,4468,5991.2,1,5992.6,2,5992.08,1
2023-05-15 13:12:05,5992.2,4469,5991.0,1,5992.4,1,5991.96,0
2023-05-15 13:12:06,5992.2,4469,5991.0,1,5992.2,1,5991.839999999999,0
2023-05-15 13:12:06,5992.2,4469,5989.6,1,5992.4,1,5991.719999999999,0
2023-05-15 13:12:07,5992.2,4469,5990.4,2,5992.2,3,5991.6,0
2023-05-15 13:12:07,5992.2,4469,5990.6,1,5992.2,3,5991.58,0
2023-05-15 13:12:08,5992.2,4469,5990.8,1,5992.2,2,5991.4800000000005,0
2023-05-15 13:12:08,5992.2,4469,5990.8,1,5992.2,2,5991.38,0
2023-05-15 13:12:09,5992.2,4469,5991.0,2,5992.2,1,5991.28,0
2023-05-15 13:12:09,5992.2,4469,5991.0,2,5992.6,2,5991.18,0
2023-05-15 13:12:10,5991.0,4470,5991.0,1,5992.6,2,5991.2,1
2023-05-15 13:12:10,5991.0,4470,5990.6,1,5992.4,1,5991.219999999999,1
2023-05-15 13:12:11,5991.0,4470,5990.6,1,5992.2,1,5991.24,1
2023-05-15 13:12:11,5991.0,4470,5990.6,1,5991.8,1,5991.26,1
2023-05-15 13:12:12,5991.0,4470,5991.0,1,5992.0,1,5991.280000000001,1
2023-05-15 13:12:12,5992.0,4471,5991.0,1,5992.2,1,5991.2,0
2023-05-15 13:12:13,5991.2,4472,5991.0,1,5992.4,1,5991.2,0
2023-05-15 13:12:13,5991.2,4472,5991.4,1,5992.4,1,5991.2,0
2023-05-15 13:12:14,5991.2,4472,5991.8,1,5992.4,1,5991.2,0
2023-05-15 13:12:14,5991.2,4472,5991.8,1,5992.4,1,5991.199999999999,0
2023-05-15 13:12:15,5991.2,4472,5991.4,1,5992.4,1,5991.2,0
2023-05-15 13:12:15,5991.2,4472,5991.4,1,5992.4,1,5991.2,0
2023-05-15 13:12:16,5991.2,4472,5991.2,1,5992.4,1,5991.2,0
2023-05-15 13:12:16,5991.2,4472,5990.6,1,5992.0,1,5991.2,0
2023-05-15 13:12:17,5991.2,4472,5989.8,3,5991.6,1,5991.2,0
2023-05-15 13:12:17,5991.2,4472,5990.4,1,5991.8,1,5991.2,0
2023-05-15 13:12:18,5991.2,4472,5990.6,2,5992.2,3,5991.2,0
2023-05-15 13:12:18,5991.2,4472,5990.8,3,5992.2,1,5991.199999999999,0
2023-05-15 13:12:19,5991.2,4472,5991.0,2,5992.2,1,5991.2,0
2023-05-15 13:12:19,5991.2,4472,5991.0,2,5992.2,1,5991.2,0
2023-05-15 13:12:20,5991.2,4472,5990.8,2,5992.0,1,5991.2,0
2023-05-15 13:12:21,5991.2,4472,5990.8,1,5992.2,1,5991.2,0
2023-05-15 13:12:21,5991.2,4472,5990.8,1,5992.0,2,5991.2,0
2023-05-15 13:12:22,5991.2,4472,5990.8,1,5992.0,2,5991.2,0
2023-05-15 13:12:22,5991.2,4472,5990.6,1,5992.0,2,5991.2,0
2023-05-15 13:12:23,5991.2,4472,5990.6,1,5991.8,1,5991.199999999999,0
2023-05-15 13:12:24,5991.2,4472,5990.0,1,5991.6,1,5991.2,0
2023-05-15 13:12:24,5991.2,4472,5990.0,1,5991.4,1,5991.26,1
2023-05-15 13:12:25,5991.2,4472,5990.2,3,5991.4,1,5991.32,1
2023-05-15 13:12:25,5991.2,4472,5990.4,2,5991.6,1,5991.38,1
2023-05-15 13:12:26,5991.2,4472,5990.4,2,5991.6,1,5991.4400000000005,1
2023-05-15 13:12:27,5991.2,4472,5990.4,2,5991.6,1,5991.5,1
2023-05-15 13:12:27,5991.2,4472,5990.4,1,5991.6,1,5991.620000000001,1
2023-05-15 13:12:29,5991.2,4472,5990.2,4,5991.6,1,5991.74,1
2023-05-15 13:12:29,5991.2,4472,5990.6,1,5991.6,1,5991.86,1
2023-05-15 13:12:30,5991.2,4472,5990.6,1,5992.4,1,5991.9800000000005,1
2023-05-15 13:12:30,5991.2,4472,5990.4,2,5992.0,1,5992.179999999999,1
2023-05-15 13:12:31,5991.8,4473,5990.4,1,5992.0,1,5992.320000000001,1
2023-05-15 13:12:31,5991.8,4473,5990.8,1,5992.2,6,5992.46,1
2023-05-15 13:12:32,5991.8,4473,5991.0,1,5992.2,1,5992.599999999999,1
2023-05-15 13:12:32,5991.8,4473,5991.4,1,5992.2,1,5992.74,1
2023-05-15 13:12:33,5991.8,4473,5991.4,1,5992.4,1,5992.879999999999,1
2023-05-15 13:12:33,5992.4,4474,5991.8,1,5993.6,1,5992.959999999999,1
2023-05-15 13:12:34,5992.4,4474,5991.8,1,5993.4,1,5993.04,1
2023-05-15 13:12:34,5992.4,4474,5991.8,2,5993.4,1,5993.12,1
2023-05-15 13:12:35,5992.4,4474,5991.8,1,5993.4,1,5993.2,1
2023-05-15 13:12:35,5993.2,4475,5991.8,1,5993.4,1,5993.2,0
2023-05-15 13:12:36,5993.2,4476,5991.8,1,5993.4,1,5993.199999999999,0
2023-05-15 13:12:36,5993.2,4476,5991.6,1,5993.2,3,5992.9400000000005,0
2023-05-15 13:12:37,5993.2,4476,5991.4,1,5993.2,3,5992.68,0
2023-05-15 13:12:37,5993.2,4476,5991.4,1,5993.2,3,5992.42,0
2023-05-15 13:12:38,5993.2,4476,5991.6,2,5993.2,2,5992.16,0
2023-05-15 13:12:39,5993.2,4476,5991.6,2,5993.2,2,5991.9,0
2023-05-15 13:12:39,5993.2,4476,5991.6,1,5993.0,1,5991.64,0
2023-05-15 13:12:40,5993.2,4476,5991.6,1,5992.6,1,5991.38,0
2023-05-15 13:12:40,5993.2,4476,5990.6,2,5991.6,1,5991.12,0
2023-05-15 13:12:41,5993.2,4476,5990.6,1,5991.6,1,5990.860000000001,0
2023-05-15 13:12:41,5993.2,4476,5990.2,1,5992.6,1,5990.6,0
2023-05-15 13:12:42,5990.6,4477,5990.6,1,5992.4,2,5990.6,0
2023-05-15 13:12:42,5990.6,4477,5991.0,1,5992.4,1,5990.6,0
2023-05-15 13:12:43,5990.6,4477,5991.2,1,5992.4,1,5990.6,0
2023-05-15 13:12:44,5990.6,4477,5991.2,1,5992.4,1,5990.6,0
2023-05-15 13:12:44,5990.6,4477,5991.2,2,5992.4,1,5990.6,0
2023-05-15 13:12:46,5990.6,4477,5991.2,1,5992.4,1,5990.6,0
2023-05-15 13:12:47,5990.6,4477,5991.2,1,5992.4,1,5990.72,1
2023-05-15 13:12:47,5990.6,4477,5991.2,1,5992.2,1,5990.840000000001,1
2023-05-15 13:12:48,5990.6,4477,5991.0,1,5992.2,1,5990.96,1
2023-05-15 13:12:49,5990.6,4477,5991.0,1,5992.0,1,5991.1,1
2023-05-15 13:12:49,5990.6,4477,5991.0,1,5991.8,1,5991.24,1
2023-05-15 13:12:50,5990.6,4477,5991.0,1,5991.8,1,5991.38,1
2023-05-15 13:12:51,5990.6,4477,5991.0,1,5991.8,1,5991.54,1
2023-05-15 13:12:51,5990.6,4477,5991.0,1,5991.8,1,5991.7,1
2023-05-15 13:12:52,5990.6,4477,5991.0,1,5991.8,1,5991.86,1
2023-05-15 13:12:53,5990.6,4477,5991.2,1,5991.8,1,5992.02,1
2023-05-15 13:12:55,5991.8,4478,5991.2,1,5992.2,1,5992.06,1
2023-05-15 13:12:55,5991.8,4478,5991.2,2,5992.0,1,5992.1,1
2023-05-15 13:12:56,5991.8,4478,5991.4,4,5992.0,1,5992.14,1
2023-05-15 13:12:56,5992.0,4479,5991.4,1,5992.2,1,5992.08,1
2023-05-15 13:12:57,5992.0,4479,5991.2,1,5992.2,1,5992.02,1
2023-05-15 13:12:59,5992.0,4479,5991.4,3,5992.2,1,5991.9400000000005,0
2023-05-15 13:13:00,5992.2,4480,5992.2,1,5994.0,1,5991.879999999999,0
2023-05-15 13:13:00,5992.2,4480,5992.2,1,5993.2,1,5991.76,0
2023-05-15 13:13:02,5992.2,4480,5992.2,1,5993.2,1,5991.64,0
2023-05-15 13:13:02,5992.2,4480,5991.4,1,5993.0,1,5991.52,0
2023-05-15 13:13:03,5992.2,4480,5991.2,1,5992.8,8,5991.4,0
2023-05-15 13:13:03,5992.2,4480,5991.4,1,5992.8,8,5991.280000000001,0
2023-05-15 13:13:04,5992.2,4480,5991.4,1,5992.8,7,5991.16,0
2023-05-15 13:13:04,5991.4,4481,5991.0,1,5992.8,7,5991.12,0
2023-05-15 13:13:05,5991.4,4481,5991.2,1,5992.4,1,5991.08,0
2023-05-15 13:13:05,5991.2,4482,5991.6,1,5992.4,1,5991.06,0
2023-05-15 13:13:06,5991.6,4483,5991.0,1,5992.2,3,5991.0,0
2023-05-15 13:13:06,5991.0,4484,5990.4,1,5991.8,2,5990.9400000000005,0
2023-05-15 13:13:07,5991.0,4485,5990.4,1,5991.6,3,5990.88,0
2023-05-15 13:13:07,5991.0,4485,5990.2,1,5991.4,1,5990.82,0
2023-05-15 13:13:08,5991.0,4485,5990.2,1,5991.2,2,5990.76,0
2023-05-15 13:13:08,5991.0,4485,5990.2,1,5991.2,2,5990.719999999999,0
2023-05-15 13:13:09,5991.0,4485,5990.2,1,5991.2,2,5990.68,0
2023-05-15 13:13:09,5991.0,4485,5990.2,1,5991.2,1,5990.6,0
2023-05-15 13:13:10,5991.0,4485,5990.2,1,5991.2,1,5990.52,0
2023-05-15 13:13:11,5991.0,4485,5990.2,1,5991.4,1,5990.4400000000005,0
2023-05-15 13:13:11,5991.0,4485,5990.4,1,5991.6,2,5990.36,0
2023-05-15 13:13:12,5990.4,4486,5990.6,1,5992.6,1,5990.339999999999,0
2023-05-15 13:13:12,5990.4,4486,5990.6,1,5992.0,2,5990.320000000001,0
2023-05-15 13:13:13,5990.4,4486,5990.6,1,5991.8,1,5990.3,0
2023-05-15 13:13:13,5990.4,4486,5990.6,1,5991.6,1,5990.280000000001,0
2023-05-15 13:13:14,5990.6,4487,5990.2,1,5991.4,1,5990.24,0
2023-05-15 13:13:14,5990.6,4487,5990.2,1,5991.0,1,5990.2,0
2023-05-15 13:13:15,5990.2,4488,5989.6,1,5991.2,3,5990.2,0
2023-05-15 13:13:15,5990.2,4488,5989.6,1,5990.8,2,5990.2,0
2023-05-15 13:13:16,5990.2,4488,5988.6,1,5990.4,3,5990.199999999999,0
2023-05-15 13:13:16,5990.2,4488,5988.8,1,5990.2,2,5990.2,0
2023-05-15 13:13:17,5990.2,4488,5989.0,1,5989.8,2,5990.2,0
2023-05-15 13:13:17,5990.2,4488,5987.4,1,5990.2,2,5990.2,0
2023-05-15 13:13:18,5990.2,4488,5988.4,3,5990.2,1,5990.2,0
2023-05-15 13:13:18,5990.2,4488,5988.8,1,5990.2,1,5990.2,0
2023-05-15 13:13:19,5990.2,4488,5989.0,2,5990.2,1,5990.2,0
2023-05-15 13:13:19,5990.2,4488,5989.0,2,5990.2,1,5990.2,0
2023-05-15 13:13:20,5990.2,4488,5989.0,2,5990.2,1,5990.199999999999,0
2023-05-15 13:13:21,5990.2,4488,5989.0,2,5992.6,1,5990.2,0
2023-05-15 13:13:21,5990.2,4488,5989.4,1,5990.8,1,5990.2,0
2023-05-15 13:13:22,5990.2,4488,5989.4,1,5990.6,1,5990.2,0
2023-05-15 13:13:22,5990.2,4488,5989.4,1,5990.6,1,5990.18,0
2023-05-15 13:13:23,5990.2,4488,5989.4,1,5990.6,1,5990.160000000001,0
2023-05-15 13:13:23,5990.2,4488,5989.0,2,5990.0,1,5990.139999999999,0
2023-05-15 13:13:24,5990.2,4488,5988.6,1,5989.8,1,5990.12,0
2023-05-15 13:13:24,5990.2,4488,5988.6,1,5989.8,1,5990.1,0
2023-05-15 13:13:25,5990.2,4488,5988.6,1,5989.6,1,5990.08,0
2023-05-15 13:13:25,5990.2,4488,5988.8,1,5989.6,1,5990.06,0
2023-05-15 13:13:26,5990.2,4488,5988.8,1,5990.0,1,5990.039999999999,0
2023-05-15 13:13:26,5990.2,4488,5989.0,2,5990.0,1,5990.02,0
2023-05-15 13:13:27,5990.2,4488,5989.0,2,5990.0,1,5990.0,0
2023-05-15 13:13:27,5990.0,4489,5989.0,2,5990.4,1,5990.0,0
2023-05-15 13:13:28,5990.0,4489,5989.4,1,5991.6,1,5990.02,1
2023-05-15 13:13:28,5990.0,4489,5989.6,1,5991.0,1,5990.039999999999,1
2023-05-15 13:13:29,5990.0,4489,5989.2,2,5990.6,2,5990.06,1
2023-05-15 13:13:29,5990.0,4489,5989.2,1,5990.6,2,5990.08,1
2023-05-15 13:13:30,5990.0,4489,5989.2,1,5990.6,2,5990.1,1
2023-05-15 13:13:30,5990.0,4489,5989.2,1,5990.6,1,5990.120000000001,1
2023-05-15 13:13:31,5990.0,4489,5989.0,1,5990.2,1,5990.159999999999,1
2023-05-15 13:13:31,5990.0,4489,5988.4,1,5990.0,1,5990.199999999999,1
2023-05-15 13:13:32,5990.0,4489,5988.6,2,5990.2,1,5990.24,1
2023-05-15 13:13:32,5990.0,4489,5988.8,1,5990.2,1,5990.28,1
2023-05-15 13:13:33,5990.2,4490,5988.8,1,5990.4,2,5990.3,1
2023-05-15 13:13:33,5990.2,4490,5989.0,1,5990.4,1,5990.32,1
2023-05-15 13:13:34,5990.2,4490,5989.2,2,5991.4,3,5990.339999999999,1
2023-05-15 13:13:35,5990.2,4490,5989.4,2,5990.8,1,5990.3,1
2023-05-15 13:13:35,5990.2,4490,5990.4,1,5990.8,1,5990.26,1
2023-05-15 13:13:36,5990.2,4490,5990.4,1,5990.8,1,5990.219999999999,1
2023-05-15 13:13:36,5990.4,4491,5989.2,1,5990.8,1,5990.160000000001,0
2023-05-15 13:13:37,5990.4,4491,5988.8,1,5990.4,1,5990.1,0
2023-05-15 13:13:37,5990.4,4491,5988.8,1,5990.2,3,5990.04,0
2023-05-15 13:13:38,5990.4,4491,5988.6,1,5990.0,1,5989.98,0
2023-05-15 13:13:38,5990.4,4491,5987.6,2,5989.6,5,5989.92,0
2023-05-15 13:13:39,5990.4,4491,5987.8,1,5989.2,1,5989.860000000001,0
2023-05-15 13:13:39,5990.4,4491,5988.2,1,5989.4,1,5989.8,0
2023-05-15 13:13:40,5989.8,4494,5988.4,1,5991.0,1,5989.74,0
2023-05-15 13:13:40,5989.8,4494,5989.0,1,5990.4,1,5989.68,0
2023-05-15 13:13:41,5989.8,4494,5989.2,1,5990.4,1,5989.780000000001,0
2023-05-15 13:13:41,5989.8,4494,5989.0,1,5990.4,1,5989.879999999999,1
2023-05-15 13:13:42,5989.8,4494,5989.2,1,5990.4,1,5989.9800000000005,1
2023-05-15 13:13:42,5989.8,4494,5989.2,1,5990.4,1,5990.08,1
2023-05-15 13:13:43,5989.8,4494,5989.2,2,5990.4,1,5990.18,1
2023-05-15 13:13:44,5989.8,4494,5989.2,1,5990.4,1,5990.32,1
2023-05-15 13:13:44,5989.8,4494,5989.2,1,5990.4,1,5990.46,1
2023-05-15 13:13:49,5989.8,4494,5989.2,1,5990.4,1,5990.6,1
2023-05-15 13:13:50,5989.2,4496,5989.0,1,5990.8,3,5990.8,1
2023-05-15 13:13:50,5989.2,4496,5989.2,2,5990.6,2,5991.0,1
2023-05-15 13:13:52,5990.8,4497,5989.8,1,5990.8,1,5991.039999999999,1
2023-05-15 13:13:52,5990.8,4498,5991.0,1,5991.8,1,5991.08,1
2023-05-15 13:13:53,5990.8,4498,5991.2,1,5992.6,1,5991.08,1
2023-05-15 13:13:53,5990.8,4498,5991.2,1,5992.2,1,5991.08,1
2023-05-15 13:13:54,5990.8,4498,5991.0,1,5991.2,1,5991.08,1
2023-05-15 13:13:54,5991.2,4499,5991.0,1,5992.0,1,5991.06,0
2023-05-15 13:13:55,5991.2,4499,5990.0,1,5991.8,2,5991.04,0
2023-05-15 13:13:55,5991.2,4499,5990.4,3,5991.8,2,5991.02,0
2023-05-15 13:13:56,5991.2,4499,5990.4,3,5991.8,2,5991.0,0
2023-05-15 13:13:57,5991.2,4499,5990.4,2,5991.8,2,5990.9800000000005,0
2023-05-15 13:13:57,5991.2,4499,5990.6,1,5991.8,2,5990.960000000001,0
2023-05-15 13:13:58,5991.2,4499,5990.6,1,5992.0,1,5990.9400000000005,0
2023-05-15 13:13:58,5990.8,4500,5990.8,1,5992.2,1,5990.960000000001,1
2023-05-15 13:13:59,5990.8,4500,5991.0,1,5992.2,1,5990.9800000000005,1
2023-05-15 13:14:01,5990.8,4500,5991.0,1,5991.6,1,5991.0,1
2023-05-15 13:14:01,5991.0,4502,5990.0,1,5991.2,1,5991.0,0
2023-05-15 13:14:02,5991.0,4502,5988.8,1,5990.8,1,5991.0,0
2023-05-15 13:14:02,5991.0,4502,5989.2,2,5991.2,1,5991.0,0
2023-05-15 13:14:03,5991.0,4502,5989.4,1,5990.8,2,5991.0,0
2023-05-15 13:14:03,5991.0,4502,5989.4,1,5990.8,2,5991.0,0
2023-05-15 13:14:04,5991.0,4502,5989.6,2,5990.8,2,5991.0,0
2023-05-15 13:14:04,5991.0,4502,5989.6,2,5990.8,2,5991.0,0
2023-05-15 13:14:05,5991.0,4502,5990.0,1,5991.2,1,5991.0,0
2023-05-15 13:14:05,5991.0,4502,5990.0,1,5992.2,1,5991.0,0
2023-05-15 13:14:06,5991.0,4502,5990.0,1,5991.6,3,5991.0,0
2023-05-15 13:14:09,5991.0,4502,5990.0,1,5991.6,3,5991.0,0
2023-05-15 13:14:09,5991.0,4502,5990.6,1,5991.6,3,5990.94,0
2023-05-15 13:14:10,5991.0,4502,5990.6,1,5991.8,2,5990.879999999999,0
2023-05-15 13:14:11,5991.0,4502,5990.6,1,5991.8,1,5990.82,0
2023-05-15 13:14:11,5991.0,4502,5990.6,1,5992.0,3,5990.76,0
2023-05-15 13:14:12,5991.0,4502,5991.0,1,5992.0,2,5990.839999999999,0
2023-05-15 13:14:12,5991.0,4502,5991.0,1,5992.0,1,5990.92,0
2023-05-15 13:14:13,5991.0,4503,5989.4,1,5992.0,1,5991.02,1
2023-05-15 13:14:13,5991.0,4503,5990.0,3,5992.0,1,5991.12,1
2023-05-15 13:14:14,5991.0,4503,5990.4,2,5992.0,1,5991.219999999999,1
2023-05-15 13:14:14,5991.0,4503,5990.4,2,5992.0,1,5991.32,1
2023-05-15 13:14:15,5990.4,4504,5990.4,1,5992.0,1,5991.4800000000005,1
2023-05-15 13:14:15,5990.4,4504,5990.4,1,5992.0,1,5991.64,1
2023-05-15 13:14:16,5990.4,4504,5990.4,1,5991.8,1,5991.8,1
2023-05-15 13:14:16,5990.4,4504,5990.4,1,5991.8,1,5991.96,1
2023-05-15 13:14:18,5991.8,4505,5990.6,1,5992.0,1,5991.9800000000005,1
2023-05-15 13:14:18,5991.8,4505,5991.0,1,5992.0,1,5992.0,1
2023-05-15 13:14:19,5992.0,4506,5991.2,1,5992.8,1,5992.0,0
2023-05-15 13:14:19,5992.0,4506,5991.6,1,5993.2,1,5992.0,0
2023-05-15 13:14:20,5992.0,4506,5991.6,1,5993.0,2,5992.0,0
2023-05-15 13:14:20,5992.0,4506,5991.4,1,5992.8,1,5992.0,0
2023-05-15 13:14:21,5992.0,4506,5991.6,1,5992.8,1,5992.0,0
2023-05-15 13:14:21,5992.0,4506,5991.6,1,5993.0,2,5992.0,0
2023-05-15 13:14:23,5992.0,4506,5991.6,1,5993.0,1,5992.0,0
2023-05-15 13:14:24,5992.0,4506,5991.4,1,5992.8,2,5992.0,0
2023-05-15 13:14:24,5992.0,4506,5991.6,2,5992.8,2,5992.0,0
2023-05-15 13:14:25,5992.0,4506,5992.0,2,5994.2,1,5992.0,0
2023-05-15 13:14:25,5992.0,4506,5992.2,1,5993.4,1,5992.0,0
2023-05-15 13:14:26,5992.0,4506,5992.0,1,5993.8,3,5992.0,0
2023-05-15 13:14:26,5992.0,4507,5992.2,1,5993.8,1,5992.0,0
2023-05-15 13:14:27,5992.0,4507,5992.4,2,5993.8,1,5992.0,0
2023-05-15 13:14:27,5992.0,4507,5992.6,2,5994.0,2,5992.0,0
2023-05-15 13:14:28,5992.0,4507,5993.0,1,5994.0,1,5992.0,0
2023-05-15 13:14:28,5992.0,4507,5993.2,1,5994.0,1,5992.0,0
2023-05-15 13:14:29,5992.0,4507,5992.8,1,5994.0,1,5992.0,0
2023-05-15 13:14:29,5992.0,4507,5992.6,1,5993.6,3,5992.0,0
2023-05-15 13:14:30,5992.0,4507,5990.8,1,5993.2,2,5992.0,0
2023-05-15 13:14:30,5992.0,4507,5991.4,1,5992.8,1,5992.02,1
2023-05-15 13:14:31,5992.0,4507,5991.6,4,5993.2,1,5992.04,1
2023-05-15 13:14:31,5992.0,4507,5992.0,2,5993.6,1,5992.06,1
2023-05-15 13:14:32,5992.0,4507,5992.2,3,5994.8,1,5992.08,1
2023-05-15 13:14:32,5992.0,4507,5992.6,1,5994.2,2,5992.1,1
2023-05-15 13:14:33,5992.0,4507,5992.6,1,5993.8,1,5992.12,1
2023-05-15 13:14:33,5992.0,4507,5992.6,1,5993.8,1,5992.139999999999,1
2023-05-15 13:14:34,5992.0,4507,5992.6,1,5993.8,1,5992.16,1
2023-05-15 13:14:35,5992.0,4507,5992.2,2,5993.6,1,5992.179999999999,1
2023-05-15 13:14:36,5992.0,4507,5992.2,2,5993.4,1,5992.2,1
2023-05-15 13:14:36,5992.2,4508,5992.0,1,5993.4,1,5992.2,0
2023-05-15 13:14:38,5992.2,4508,5992.0,1,5993.2,1,5992.199999999999,0
2023-05-15 13:14:38,5992.2,4508,5992.0,1,5993.2,1,5992.24,1
2023-05-15 13:14:39,5992.2,4508,5991.0,1,5993.0,1,5992.280000000001,1
2023-05-15 13:14:39,5992.2,4508,5991.4,4,5992.8,1,5992.32,1
2023-05-15 13:14:40,5992.2,4508,5991.6,1,5992.4,1,5992.34,1
2023-05-15 13:14:40,5992.2,4508,5991.4,2,5992.4,1,5992.36,1
2023-05-15 13:14:41,5992.2,4508,5991.4,1,5992.6,1,5992.54,1
2023-05-15 13:14:41,5992.2,4508,5991.4,1,5992.6,1,5992.72,1
2023-05-15 13:14:42,5992.2,4508,5992.4,1,5992.6,1,5992.9,1
2023-05-15 13:14:42,5992.2,4508,5992.4,2,5992.6,1,5993.08,1
2023-05-15 13:14:43,5992.2,4508,5992.4,2,5992.6,1,5993.1,1
2023-05-15 13:14:43,5992.6,4509,5992.4,2,5993.6,1,5993.08,1
2023-05-15 13:14:44,5992.6,4509,5992.4,2,5994.2,1,5993.06,1
2023-05-15 13:14:45,5992.6,4509,5992.4,2,5994.0,4,5993.04,1
2023-05-15 13:14:46,5992.4,4510,5992.4,1,5994.0,4,5993.039999999999,1
2023-05-15 13:14:47,5992.4,4510,5992.4,1,5994.0,4,5993.039999999999,1
2023-05-15 13:14:47,5994.0,4511,5992.4,1,5994.0,3,5992.879999999999,0
2023-05-15 13:14:50,5994.0,4511,5992.4,1,5993.8,2,5992.719999999999,0
2023-05-15 13:14:50,5994.0,4511,5992.4,1,5993.6,1,5992.56,0
2023-05-15 13:14:51,5994.0,4511,5992.4,1,5993.6,1,5992.42,0
2023-05-15 13:14:53,5992.4,4512,5991.8,1,5993.6,1,5992.4400000000005,1
2023-05-15 13:14:53,5992.4,4512,5992.2,1,5993.6,1,5992.3,0
2023-05-15 13:14:54,5992.4,4512,5992.0,4,5993.6,1,5992.16,0
2023-05-15 13:14:56,5992.4,4512,5992.0,4,5993.6,1,5992.02,0
2023-05-15 13:14:56,5992.4,4512,5992.0,4,5993.4,1,5991.88,0
2023-05-15 13:14:58,5992.4,4512,5992.0,4,5993.0,1,5991.74,0
2023-05-15 13:14:59,5992.4,4512,5992.0,4,5993.0,1,5991.6,0
2023-05-15 13:15:00,5992.4,4512,5992.0,2,5993.0,1,5991.46,0
2023-05-15 13:15:00,5992.4,4512,5991.2,1,5992.8,1,5991.320000000001,0
2023-05-15 13:15:01,5992.6,4513,5991.2,1,5992.6,1,5991.16,0
2023-05-15 13:15:01,5992.6,4513,5991.2,1,5992.2,1,5991.0,0
2023-05-15 13:15:02,5991.0,4514,5989.8,1,5992.0,3,5991.0,0
2023-05-15 13:15:02,5991.0,4514,5990.0,1,5991.4,1,5991.0,0
2023-05-15 13:15:03,5991.0,4514,5988.8,1,5991.0,2,5991.0,0
2023-05-15 13:15:03,5991.0,4514,5989.4,1,5991.0,1,5991.0,0
2023-05-15 13:15:04,5991.0,4514,5989.6,3,5991.2,2,5991.0,0
2023-05-15 13:15:04,5991.0,4514,5990.0,2,5991.4,1,5991.0,0
2023-05-15 13:15:05,5991.0,4514,5990.2,1,5991.4,1,5991.0,0
2023-05-15 13:15:05,5991.0,4514,5990.4,2,5992.0,1,5990.92,0
2023-05-15 13:15:06,5991.0,4514,5990.4,2,5991.6,1,5990.84,0
2023-05-15 13:15:06,5991.0,4514,5990.2,1,5991.4,2,5990.76,0
2023-05-15 13:15:07,5991.0,4514,5990.0,1,5991.2,1,5990.679999999999,0
2023-05-15 13:15:07,5991.0,4514,5990.0,1,5991.0,1,5990.6,0
2023-05-15 13:15:08,5991.0,4514,5990.0,1,5991.2,1,5990.52,0
2023-05-15 13:15:09,5991.0,4514,5990.2,1,5991.0,1,5990.44,0
2023-05-15 13:15:10,5991.0,4514,5990.2,1,5992.0,1,5990.36,0
2023-05-15 13:15:10,5991.0,4514,5990.2,1,5991.6,2,5990.1,0
2023-05-15 13:15:11,5991.0,4515,5990.2,1,5991.0,1,5989.839999999999,0
2023-05-15 13:15:11,5990.2,4516,5990.0,1,5991.0,1,5989.66,0
2023-05-15 13:15:12,5990.2,4516,5990.0,1,5991.0,1,5989.48,0
2023-05-15 13:15:12,5990.2,4516,5989.0,1,5990.8,1,5989.3,0
2023-05-15 13:15:13,5990.2,4516,5989.2,2,5990.4,1,5989.12,0
2023-05-15 13:15:13,5990.2,4516,5987.4,1,5990.0,3,5988.94,0
2023-05-15 13:15:14,5990.2,4516,5988.2,1,5989.8,4,5988.76,0
2023-05-15 13:15:14,5990.2,4516,5988.4,1,5989.8,3,5988.659999999999,0
2023-05-15 13:15:15,5990.2,4516,5988.2,1,5989.8,3,5988.58,0
2023-05-15 13:15:16,5988.4,4517,5988.2,1,5989.8,3,5988.679999999999,1
2023-05-15 13:15:16,5988.4,4517,5988.6,1,5989.6,1,5988.8,1
2023-05-15 13:15:17,5988.4,4517,5988.6,1,5989.6,1,5988.9400000000005,1
2023-05-15 13:15:17,5988.4,4517,5988.8,1,5989.6,1,5989.08,1
2023-05-15 13:15:18,5988.4,4517,5988.8,1,5989.4,1,5989.28,1
2023-05-15 13:15:18,5988.4,4517,5988.8,1,5989.2,1,5989.4800000000005,1
2023-05-15 13:15:19,5988.4,4517,5988.8,1,5989.2,1,5989.68,1
2023-05-15 13:15:19,5988.4,4517,5988.8,2,5989.2,1,5989.879999999999,1
2023-05-15 13:15:20,5989.2,4518,5988.8,2,5989.4,1,5990.0,1
2023-05-15 13:15:20,5989.4,4519,5988.8,2,5989.6,1,5990.1,1
2023-05-15 13:15:21,5989.4,4519,5988.8,2,5989.6,1,5990.2,1
2023-05-15 13:15:22,5989.6,4520,5988.8,2,5989.8,1,5990.28,1
2023-05-15 13:15:23,5989.8,4521,5988.8,2,5991.0,1,5990.379999999999,1
2023-05-15 13:15:23,5989.8,4521,5989.2,1,5990.4,1,5990.4800000000005,1
2023-05-15 13:15:24,5990.4,4522,5989.6,1,5990.8,1,5990.52,1
2023-05-15 13:15:24,5990.4,4522,5990.0,1,5990.8,1,5990.56,1
2023-05-15 13:15:25,5990.4,4522,5989.8,3,5990.8,1,5990.599999999999,1
2023-05-15 13:15:25,5990.4,4522,5989.8,2,5990.8,1,5990.64,1
2023-05-15 13:15:26,5990.4,4522,5989.8,1,5990.6,1,5990.68,1
2023-05-15 13:15:26,5990.4,4522,5989.8,1,5990.8,1,5990.76,1
2023-05-15 13:15:27,5990.4,4522,5989.8,1,5990.8,1,5990.74,1
2023-05-15 13:15:27,5990.4,4522,5989.8,1,5990.8,1,5990.72,1
2023-05-15 13:15:28,5990.8,4523,5990.0,2,5992.6,1,5990.66,0
2023-05-15 13:15:28,5990.8,4523,5990.8,1,5992.0,4,5990.6,0
2023-05-15 13:15:29,5990.8,4523,5990.2,3,5992.0,3,5990.54,0
2023-05-15 13:15:29,5990.8,4523,5990.2,3,5991.6,1,5990.48,0
2023-05-15 13:15:30,5990.8,4523,5990.2,3,5991.4,1,5990.42,0
2023-05-15 13:15:31,5990.8,4523,5990.2,3,5991.6,1,5990.52,0
2023-05-15 13:15:32,5990.8,4523,5991.4,1,5991.6,1,5990.62,0
2023-05-15 13:15:32,5991.2,4524,5990.6,3,5991.6,1,5990.68,0
2023-05-15 13:15:33,5990.2,4525,5990.2,2,5991.6,1,5990.960000000001,1
2023-05-15 13:15:33,5990.2,4526,5990.2,1,5991.4,1,5991.24,1
2023-05-15 13:15:34,5990.2,4526,5990.2,1,5991.0,1,5991.52,1
2023-05-15 13:15:34,5990.2,4526,5990.2,1,5991.0,1,5991.8,1
2023-05-15 13:15:35,5990.2,4526,5990.2,1,5991.8,1,5992.08,1
2023-05-15 13:15:35,5990.2,4526,5990.2,1,5991.8,1,5992.360000000001,1
2023-05-15 13:15:36,5990.2,4526,5990.4,4,5991.8,1,5992.639999999999,1
2023-05-15 13:15:36,5991.8,4527,5990.8,3,5993.0,1,5992.76,1
2023-05-15 13:15:37,5991.8,4527,5991.2,1,5992.8,3,5992.88,1
2023-05-15 13:15:37,5991.8,4527,5991.6,3,5992.8,1,5993.0,1
2023-05-15 13:15:38,5993.0,4528,5991.8,1,5994.6,1,5993.0,0
2023-05-15 13:15:38,5993.0,4528,5992.2,3,5993.8,3,5993.0,0
2023-05-15 13:15:39,5993.0,4528,5991.8,1,5993.4,1,5993.0,0
2023-05-15 13:15:39,5993.0,4528,5991.8,1,5993.2,1,5993.0,0
2023-05-15 13:15:40,5993.0,4528,5991.4,1,5992.6,1,5993.0,0
2023-05-15 13:15:41,5993.0,4528,5991.0,2,5992.4,1,5993.0,0
2023-05-15 13:15:41,5993.0,4528,5991.0,2,5992.4,1,5993.0,0
2023-05-15 13:15:42,5993.0,4528,5991.0,2,5992.6,1,5993.0,0
2023-05-15 13:15:42,5993.0,4528,5991.4,1,5992.6,1,5993.0,0
2023-05-15 13:15:43,5993.0,4528,5991.6,2,5992.8,2,5993.0,0
2023-05-15 13:15:44,5993.0,4528,5991.8,1,5994.2,1,5993.0,0
2023-05-15 13:15:44,5993.0,4528,5992.0,3,5993.6,1,5993.0,0
2023-05-15 13:15:45,5993.0,4528,5992.2,1,5993.6,1,5993.0,0
2023-05-15 13:15:45,5993.0,4528,5992.2,1,5993.4,2,5993.0,0
2023-05-15 13:15:46,5993.0,4528,5991.6,1,5993.2,2,5993.0,0
2023-05-15 13:15:46,5993.0,4528,5991.0,2,5992.6,1,5993.0,0
2023-05-15 13:15:47,5993.0,4528,5991.0,2,5992.4,1,5993.0,0
2023-05-15 13:15:48,5993.0,4528,5991.0,2,5992.4,1,5993.0,0
2023-05-15 13:15:48,5993.0,4528,5991.4,1,5992.6,1,5992.879999999999,0
2023-05-15 13:15:49,5993.0,4528,5991.4,1,5992.6,1,5992.76,0
2023-05-15 13:15:49,5993.0,4528,5991.6,4,5993.0,1,5992.64,0
2023-05-15 13:15:50,5993.0,4528,5991.8,1,5993.8,2,5992.52,0
2023-05-15 13:15:50,5993.0,4528,5991.8,1,5993.4,2,5992.4,0
2023-05-15 13:15:51,5993.0,4528,5992.0,3,5993.4,2,5992.28,0
2023-05-15 13:15:51,5993.0,4528,5992.0,3,5993.4,2,5992.160000000001,0
2023-05-15 13:15:52,5993.0,4528,5992.0,3,5993.4,2,5992.040000000001,0
2023-05-15 13:15:54,5993.0,4528,5991.6,2,5993.4,2,5991.92,0
2023-05-15 13:15:55,5993.0,4528,5991.8,2,5993.4,2,5991.8,0
2023-05-15 13:15:56,5991.8,4529,5991.6,1,5992.8,1,5991.74,0
2023-05-15 13:15:56,5991.8,4529,5991.0,1,5992.4,2,5991.68,0
2023-05-15 13:15:57,5991.8,4529,5990.6,2,5992.4,2,5991.620000000001,0
2023-05-15 13:15:57,5991.8,4529,5990.6,1,5992.2,2,5991.56,0
2023-05-15 13:15:58,5991.8,4529,5990.6,1,5991.8,1,5991.5,0
2023-05-15 13:15:58,5991.8,4529,5990.6,1,5991.8,1,5991.4400000000005,0
2023-05-15 13:15:59,5991.8,4529,5990.6,1,5991.6,3,5991.379999999999,0
2023-05-15 13:15:59,5991.8,4529,5990.6,1,5991.2,2,5991.320000000001,0
2023-05-15 13:16:00,5991.8,4529,5990.6,1,5991.2,1,5991.26,0
2023-05-15 13:16:00,5991.8,4529,5990.6,1,5991.2,1,5991.2,0
2023-05-15 13:16:01,5991.2,4530,5990.6,1,5991.6,1,5991.2,0
2023-05-15 13:16:01,5991.2,4530,5990.8,2,5992.0,1,5991.2,0
2023-05-15 13:16:02,5991.2,4530,5991.2,1,5992.2,1,5991.2,0
2023-05-15 13:16:02,5991.2,4530,5991.6,1,5992.6,1,5991.2,0
2023-05-15 13:16:03,5991.2,4530,5991.2,2,5992.6,1,5991.199999999999,0
2023-05-15 13:16:03,5991.2,4530,5991.2,2,5992.4,1,5991.2,0
2023-05-15 13:16:04,5991.2,4530,5991.2,1,5992.2,3,5991.2,0
2023-05-15 13:16:04,5991.2,4530,5991.0,2,5992.2,3,5991.2,0
2023-05-15 13:16:05,5991.2,4530,5991.0,2,5992.2,3,5991.280000000001,1
2023-05-15 13:16:05,5991.2,4530,5991.0,1,5992.2,2,5991.24,1
2023-05-15 13:16:06,5991.2,4530,5991.2,1,5992.2,2,5991.2,0
2023-05-15 13:16:06,5991.2,4530,5991.4,2,5992.6,1,5991.16,0
2023-05-15 13:16:07,5991.2,4530,5991.6,1,5993.2,1,5991.12,0
2023-05-15 13:16:07,5991.2,4530,5992.0,1,5993.2,1,5991.08,0
2023-05-15 13:16:08,5991.2,4530,5992.2,1,5993.2,1,5991.04,0
2023-05-15 13:16:08,5991.2,4530,5992.0,1,5993.2,1,5991.0,0
2023-05-15 13:16:09,5991.2,4530,5991.8,4,5993.0,1,5990.960000000001,0
2023-05-15 13:16:10,5991.2,4530,5992.0,1,5993.2,1,5990.92,0
2023-05-15 13:16:11,5992.0,4531,5991.8,4,5992.8,1,5990.8,0
2023-05-15 13:16:11,5990.8,4532,5990.6,1,5992.6,2,5990.8,0
2023-05-15 13:16:12,5990.8,4532,5990.8,4,5992.4,1,5990.8,0
2023-05-15 13:16:12,5990.8,4532,5991.4,1,5992.6,1,5990.800000000001,1
2023-05-15 13:16:14,5990.8,4532,5991.0,1,5992.6,1,5990.8,0
2023-05-15 13:16:15,5990.8,4532,5991.0,1,5992.4,3,5990.8,0
2023-05-15 13:16:15,5990.8,4532,5990.8,1,5992.2,1,5990.8,0
2023-05-15 13:16:16,5990.8,4532,5990.8,1,5991.8,1,5990.8,0
2023-05-15 13:16:16,5990.8,4532,5990.8,1,5991.8,1,5990.8,0
2023-05-15 13:16:17,5990.8,4533,5990.6,1,5991.8,1,5990.8,0
2023-05-15 13:16:18,5990.8,4533,5991.0,1,5992.2,1,5990.8,0
2023-05-15 13:16:18,5990.8,4533,5991.2,3,5992.6,1,5990.800000000001,1
2023-05-15 13:16:19,5990.8,4533,5991.2,3,5992.6,1,5990.780000000001,0
2023-05-15 13:16:19,5990.8,4533,5991.2,3,5992.4,3,5990.74,0
2023-05-15 13:16:20,5990.8,4533,5991.2,3,5992.2,1,5990.68,0
2023-05-15 13:16:20,5990.8,4533,5990.8,1,5992.0,1,5990.62,0
2023-05-15 13:16:21,5990.8,4533,5990.6,1,5991.8,1,5990.56,0
2023-05-15 13:16:21,5990.8,4533,5990.8,1,5991.8,1,5990.5,0
2023-05-15 13:16:22,5990.8,4533,5991.0,3,5991.8,1,5990.44,0
2023-05-15 13:16:22,5990.8,4533,5990.6,1,5991.8,1,5990.38,0
2023-05-15 13:16:23,5990.8,4533,5990.8,2,5991.8,1,5990.32,0
2023-05-15 13:16:24,5990.8,4533,5990.6,1,5991.8,1,5990.26,0
2023-05-15 13:16:25,5990.6,4534,5990.4,3,5991.6,4,5990.26,0
2023-05-15 13:16:25,5990.4,4535,5990.6,1,5990.8,1,5990.28,0
2023-05-15 13:16:26,5990.2,4537,5988.4,1,5990.4,1,5990.32,1
2023-05-15 13:16:26,5990.2,4537,5989.6,1,5990.4,1,5990.360000000001,1
2023-05-15 13:16:27,5990.2,4537,5989.8,1,5990.4,1,5990.4,1
2023-05-15 13:16:27,5990.2,4537,5989.8,1,5990.8,1,5990.4400000000005,1
2023-05-15 13:16:28,5990.2,4537,5989.8,1,5991.0,1,5990.48,1
2023-05-15 13:16:28,5990.2,4537,5989.8,1,5990.8,1,5990.52,1
2023-05-15 13:16:29,5990.2,4537,5989.8,1,5990.8,1,5990.56,1
2023-05-15 13:16:30,5990.2,4537,5989.2,1,5990.8,1,5990.6,1
2023-05-15 13:16:30,5990.6,4538,5989.6,1,5990.8,1,5990.6,0
2023-05-15 13:16:31,5990.6,4538,5989.8,1,5991.0,1,5990.6,0
2023-05-15 13:16:31,5990.6,4538,5989.8,1,5991.4,1,5990.56,0
2023-05-15 13:16:32,5990.6,4538,5989.8,1,5991.0,1,5990.52,0
2023-05-15 13:16:32,5990.6,4538,5989.4,5,5990.8,1,5990.4800000000005,0
2023-05-15 13:16:33,5990.6,4538,5989.6,1,5990.6,1,5990.4400000000005,0
