Time,LastPrice,Volume,Bid1Price,Bid1Volume,Ask1Price,Ask1Volume,FutureAvgPrice,Traded
2023-05-10 09:30:00,6083.6,14,6084.8,1,6088.4,2,6084.4400000000005,1
2023-05-10 09:30:00,6084.8,18,6084.8,1,6086.0,2,6084.34,0
2023-05-10 09:30:01,6084.8,20,6084.8,2,6085.8,1,6084.68,0
2023-05-10 09:30:01,6085.2,23,6080.2,1,6085.8,1,6084.9800000000005,0
2023-05-10 09:30:02,6084.0,26,6081.6,1,6085.4,1,6085.280000000001,1
2023-05-10 09:30:02,6085.4,28,6083.0,1,6085.2,1,6085.44,1
2023-05-10 09:30:03,6085.6,31,6083.2,1,6085.6,1,6085.4800000000005,0
2023-05-10 09:30:03,6083.2,32,6083.0,1,6084.0,1,6085.76,1
2023-05-10 09:30:04,6083.8,35,6083.4,1,6085.8,1,6085.9800000000005,1
2023-05-10 09:30:04,6083.8,35,6084.2,1,6088.2,2,6086.2,1
2023-05-10 09:30:05,6083.8,35,6085.2,2,6087.6,1,6086.68,1
2023-05-10 09:30:05,6083.8,35,6085.8,2,6087.6,1,6087.2,1
2023-05-10 09:30:06,6088.2,38,6086.2,2,6089.2,1,6087.4400000000005,0
2023-05-10 09:30:06,6088.2,38,6086.8,1,6089.0,2,6087.679999999999,0
2023-05-10 09:30:07,6087.0,39,6086.4,1,6088.8,2,6088.38,1
2023-05-10 09:30:07,6087.0,39,6086.4,1,6088.6,2,6089.08,1
2023-05-10 09:30:08,6086.0,41,6085.8,1,6088.4,2,6089.88,1
2023-05-10 09:30:08,6086.0,41,6086.0,1,6088.2,3,6090.52,1
2023-05-10 09:30:09,6086.0,41,6086.2,2,6088.2,1,6091.16,1
2023-05-10 09:30:09,6086.0,41,6087.4,1,6088.2,1,6091.820000000001,1
2023-05-10 09:30:10,6088.6,42,6085.8,1,6088.8,2,6092.219999999999,1
2023-05-10 09:30:10,6089.0,45,6087.6,1,6090.6,1,6092.62,1
2023-05-10 09:30:11,6090.6,47,6088.0,2,6095.6,1,6093.12,1
2023-05-10 09:30:11,6090.6,47,6090.2,2,6091.8,1,6093.56,1
2023-05-10 09:30:12,6094.0,51,6090.4,2,6094.8,1,6093.660000000001,0
2023-05-10 09:30:12,6094.0,51,6094.8,1,6095.6,1,6093.76,0
2023-05-10 09:30:13,6094.0,52,6091.8,2,6094.8,2,6093.860000000001,0
2023-05-10 09:30:13,6092.4,54,6092.4,1,6094.6,1,6094.1,1
2023-05-10 09:30:14,6092.4,54,6092.6,3,6094.6,1,6094.26,1
2023-05-10 09:30:14,6092.6,56,6092.6,2,6095.6,1,6094.56,1
2023-05-10 09:30:15,6092.6,58,6093.0,2,6094.8,1,6094.52,1
2023-05-10 09:30:15,6093.0,60,6093.2,2,6095.4,3,6094.320000000001,1
2023-05-10 09:30:16,6095.6,64,6093.4,1,6095.0,2,6093.820000000001,0
2023-05-10 09:30:16,6095.0,69,6093.6,3,6095.4,2,6093.06,0
2023-05-10 09:30:17,6095.0,69,6093.8,2,6096.0,1,6092.5,0
2023-05-10 09:30:17,6095.0,69,6094.6,2,6099.8,1,6091.7,0
2023-05-10 09:30:18,6095.0,70,6095.2,1,6097.6,1,6090.9,0
2023-05-10 09:30:18,6094.8,71,6095.4,2,6096.6,1,6090.34,0
2023-05-10 09:30:19,6094.0,81,6095.6,2,6096.2,1,6090.02,0
2023-05-10 09:30:19,6095.6,86,6092.2,1,6095.8,1,6089.54,0
2023-05-10 09:30:20,6092.2,89,6091.8,1,6094.6,1,6089.4,0
2023-05-10 09:30:20,6091.0,94,6090.6,1,6091.4,1,6089.379999999999,0
2023-05-10 09:30:21,6090.6,96,6084.8,1,6091.0,2,6089.4,0
2023-05-10 09:30:21,6087.4,97,6086.6,1,6089.6,2,6089.74,1
2023-05-10 09:30:22,6089.4,98,6086.8,1,6089.4,2,6089.94,1
2023-05-10 09:30:22,6087.0,100,6087.0,1,6089.2,2,6090.379999999999,1
2023-05-10 09:30:23,6087.0,100,6087.4,1,6089.2,2,6090.820000000001,1
2023-05-10 09:30:23,6089.2,101,6089.4,1,6090.8,1,6091.04,1
2023-05-10 09:30:24,6090.8,103,6089.6,2,6091.2,1,6091.1,1
2023-05-10 09:30:24,6090.8,103,6090.4,1,6093.6,1,6091.16,1
2023-05-10 09:30:25,6090.8,103,6090.8,1,6092.8,1,6091.219999999999,1
2023-05-10 09:30:25,6090.8,104,6091.0,3,6092.8,1,6091.26,1
2023-05-10 09:30:26,6090.8,104,6091.2,1,6093.4,1,6091.36,1
2023-05-10 09:30:26,6090.8,104,6091.4,3,6093.2,1,6091.459999999999,1
2023-05-10 09:30:27,6091.4,106,6091.4,1,6093.2,1,6091.4400000000005,1
2023-05-10 09:30:27,6091.4,107,6091.0,1,6092.6,1,6091.42,1
2023-05-10 09:30:28,6091.4,107,6089.4,1,6092.0,1,6091.4,0
2023-05-10 09:30:28,6091.4,107,6089.6,1,6091.6,1,6091.24,0
2023-05-10 09:30:29,6091.4,107,6089.6,1,6091.4,2,6091.08,0
2023-05-10 09:30:29,6091.4,107,6089.8,1,6091.0,2,6090.92,0
2023-05-10 09:30:30,6091.4,107,6089.8,1,6091.2,1,6090.76,0
2023-05-10 09:30:30,6091.2,108,6090.6,1,6091.6,1,6090.860000000001,0
2023-05-10 09:30:31,6091.8,110,6089.8,1,6092.0,1,6090.9,0
2023-05-10 09:30:31,6091.8,110,6091.2,1,6092.0,1,6091.1,0
2023-05-10 09:30:32,6091.2,111,6089.8,1,6090.8,1,6091.36,1
2023-05-10 09:30:32,6091.2,111,6089.8,1,6090.8,1,6091.620000000001,1
2023-05-10 09:30:33,6091.2,112,6089.6,1,6094.0,1,6091.78,1
2023-05-10 09:30:33,6089.8,113,6089.6,1,6092.4,3,6092.0,1
2023-05-10 09:30:34,6089.8,113,6089.6,1,6092.2,4,6092.219999999999,1
2023-05-10 09:30:34,6089.8,113,6090.8,1,6092.0,2,6092.6,1
2023-05-10 09:30:35,6089.8,113,6090.8,1,6091.8,1,6092.7,1
2023-05-10 09:30:35,6092.2,117,6091.8,1,6093.8,2,6092.56,1
2023-05-10 09:30:36,6092.2,117,6092.8,1,6093.8,2,6092.4800000000005,1
2023-05-10 09:30:36,6093.8,118,6092.8,1,6094.6,2,6092.24,0
2023-05-10 09:30:37,6093.8,118,6092.8,2,6094.4,4,6092.0,0
2023-05-10 09:30:37,6093.8,118,6092.8,2,6094.2,1,6091.66,0
2023-05-10 09:30:38,6092.8,120,6092.8,1,6094.0,2,6091.52,0
2023-05-10 09:30:38,6092.0,122,6091.2,2,6093.8,4,6091.46,0
2023-05-10 09:30:39,6092.0,122,6090.8,1,6093.6,3,6091.36,0
2023-05-10 09:30:39,6093.6,129,6090.8,1,6093.4,1,6091.099999999999,0
2023-05-10 09:30:40,6090.8,130,6089.6,1,6092.8,1,6091.12,1
2023-05-10 09:30:40,6090.8,130,6089.6,1,6091.8,1,6091.06,1
2023-05-10 09:30:41,6091.4,132,6089.6,1,6091.4,1,6090.94,0
2023-05-10 09:30:41,6091.4,132,6089.6,1,6091.2,2,6090.82,0
2023-05-10 09:30:42,6091.4,134,6089.6,1,6091.6,1,6090.7,0
2023-05-10 09:30:42,6090.4,138,6090.0,1,6091.4,1,6090.679999999999,1
2023-05-10 09:30:43,6091.4,139,6090.8,2,6092.8,1,6090.56,0
2023-05-10 09:30:43,6091.4,139,6091.0,2,6092.8,1,6090.4400000000005,0
2023-05-10 09:30:44,6091.0,140,6091.0,1,6093.6,1,6090.46,0
2023-05-10 09:30:44,6091.0,140,6091.0,1,6091.8,1,6090.4800000000005,0
2023-05-10 09:30:45,6091.0,140,6091.0,1,6091.2,1,6090.5,0
2023-05-10 09:30:45,6090.2,142,6090.0,2,6092.4,1,6090.6,1
2023-05-10 09:30:46,6090.2,142,6090.0,2,6091.2,1,6090.7,1
2023-05-10 09:30:46,6090.2,142,6090.4,1,6092.2,1,6090.8,1
2023-05-10 09:30:47,6090.2,142,6090.8,1,6092.2,1,6090.9,1
2023-05-10 09:30:47,6090.2,142,6092.4,1,6093.8,2,6091.0,1
2023-05-10 09:30:48,6090.2,142,6092.4,1,6093.4,1,6091.02,1
2023-05-10 09:30:48,6090.2,142,6092.4,1,6093.2,2,6091.12,1
2023-05-10 09:30:49,6091.2,144,6091.0,2,6093.6,1,6091.12,0
2023-05-10 09:30:49,6091.2,144,6091.6,2,6093.6,1,6091.12,0
2023-05-10 09:30:50,6091.2,145,6091.8,2,6093.4,1,6091.14,0
2023-05-10 09:30:50,6091.2,146,6091.6,1,6093.6,1,6091.159999999999,0
2023-05-10 09:30:51,6091.2,147,6091.2,1,6093.2,3,6091.2,0
2023-05-10 09:30:51,6091.2,148,6091.0,1,6091.2,1,6091.24,1
2023-05-10 09:30:52,6091.2,150,6090.2,1,6093.0,4,6091.28,1
2023-05-10 09:30:52,6091.2,150,6090.4,1,6091.8,1,6091.34,1
2023-05-10 09:30:53,6090.4,151,6090.2,1,6091.4,1,6091.48,1
2023-05-10 09:30:53,6091.2,153,6090.2,1,6092.6,1,6091.54,1
2023-05-10 09:30:54,6091.2,153,6090.8,1,6092.4,1,6091.6,1
2023-05-10 09:30:54,6091.2,153,6091.4,1,6092.2,2,6091.5,1
2023-05-10 09:30:55,6091.4,154,6090.8,1,6092.2,2,6091.36,0
2023-05-10 09:30:55,6091.4,154,6091.6,1,6092.2,2,6091.22,0
2023-05-10 09:30:56,6091.6,155,6090.4,1,6091.8,2,6091.02,0
2023-05-10 09:30:56,6091.6,155,6090.2,1,6091.6,1,6090.86,0
2023-05-10 09:30:57,6091.6,155,6090.2,1,6091.8,1,6090.7,0
2023-05-10 09:30:57,6091.8,156,6090.2,1,6091.8,1,6090.52,0
2023-05-10 09:30:58,6091.8,156,6090.4,1,6091.0,1,6090.34,0
2023-05-10 09:30:58,6091.8,156,6090.4,1,6091.0,1,6090.02,0
2023-05-10 09:30:59,6091.8,156,6090.2,1,6091.0,1,6089.7,0
2023-05-10 09:30:59,6090.2,157,6090.0,1,6091.0,1,6089.52,0
2023-05-10 09:31:00,6090.0,158,6089.6,1,6090.8,2,6089.52,0
2023-05-10 09:31:00,6090.0,158,6089.6,1,6090.2,1,6089.52,0
2023-05-10 09:31:01,6089.6,159,6089.2,1,6090.2,1,6089.4,0
2023-05-10 09:31:01,6090.0,161,6087.4,1,6090.2,1,6089.160000000001,0
2023-05-10 09:31:02,6090.0,161,6088.4,1,6090.0,1,6088.9,0
2023-05-10 09:31:02,6090.0,161,6088.0,1,6089.8,1,6088.54,0
2023-05-10 09:31:03,6090.0,161,6088.4,2,6089.6,2,6088.16,0
2023-05-10 09:31:03,6088.6,164,6088.4,3,6090.2,1,6087.84,0
2023-05-10 09:31:04,6088.6,165,6088.4,3,6090.2,1,6087.52,0
2023-05-10 09:31:04,6088.4,166,6088.0,1,6088.4,1,6087.26,0
2023-05-10 09:31:05,6090.0,168,6088.4,1,6090.6,1,6086.84,0
2023-05-10 09:31:05,6090.0,168,6088.4,1,6090.2,2,6086.08,0
2023-05-10 09:31:06,6088.4,169,6087.4,1,6088.4,3,6085.56,0
2023-05-10 09:31:06,6087.6,170,6086.2,1,6087.2,1,6085.120000000001,0
2023-05-10 09:31:07,6087.4,172,6088.6,2,6089.8,1,6084.7,0
2023-05-10 09:31:07,6086.4,175,6083.8,1,6086.2,1,6084.379999999999,0
2023-05-10 09:31:08,6086.2,180,6085.0,1,6089.2,1,6084.08,0
2023-05-10 09:31:08,6085.4,181,6084.0,1,6087.6,1,6083.9400000000005,0
2023-05-10 09:31:09,6085.4,181,6081.2,1,6086.6,1,6083.6,0
2023-05-10 09:31:09,6085.8,182,6082.6,1,6085.8,1,6083.48,0
2023-05-10 09:31:10,6085.8,182,6083.2,1,6084.0,2,6083.42,0
2023-05-10 09:31:10,6082.4,186,6082.4,1,6083.2,1,6083.66,1
2023-05-10 09:31:11,6083.2,187,6083.2,1,6085.2,1,6083.84,1
2023-05-10 09:31:11,6083.2,187,6083.2,1,6084.8,1,6083.96,1
2023-05-10 09:31:12,6083.2,188,6080.2,1,6082.6,2,6084.14,1
2023-05-10 09:31:12,6083.2,191,6081.6,1,6084.6,3,6084.22,1
2023-05-10 09:31:13,6083.2,191,6084.0,1,6084.2,1,6084.3,1
2023-05-10 09:31:13,6084.0,194,6080.4,2,6083.6,1,6084.42,1
2023-05-10 09:31:14,6082.0,196,6081.4,1,6084.4,2,6084.74,1
2023-05-10 09:31:14,6084.6,201,6082.4,1,6085.0,1,6084.84,1
2023-05-10 09:31:15,6085.2,203,6082.6,1,6084.0,1,6084.72,0
2023-05-10 09:31:15,6084.8,206,6084.0,1,6084.2,1,6084.64,0
2023-05-10 09:31:16,6085.0,211,6084.4,1,6087.4,1,6084.74,0
2023-05-10 09:31:16,6084.4,212,6085.0,1,6086.4,1,6084.9,1
2023-05-10 09:31:17,6085.0,214,6084.0,1,6085.0,2,6085.02,1
2023-05-10 09:31:17,6084.0,215,6083.2,1,6084.0,1,6085.24,1
2023-05-10 09:31:18,6084.0,216,6085.0,3,6085.2,1,6085.46,1
2023-05-10 09:31:18,6085.2,221,6082.4,1,6086.2,2,6085.56,1
2023-05-10 09:31:19,6085.2,221,6084.0,2,6086.0,2,6085.66,1
2023-05-10 09:31:19,6085.6,222,6084.0,2,6085.8,2,6085.679999999999,1
2023-05-10 09:31:20,6084.0,224,6084.0,1,6085.8,1,6085.86,1
2023-05-10 09:31:20,6084.0,224,6085.0,1,6085.4,1,6086.039999999999,1
2023-05-10 09:31:21,6086.0,228,6085.0,1,6086.2,1,6086.02,1
2023-05-10 09:31:21,6086.0,229,6085.2,1,6086.2,2,6086.0,0
2023-05-10 09:31:22,6086.2,231,6085.2,1,6087.4,2,6085.96,0
2023-05-10 09:31:22,6086.2,231,6085.6,1,6087.0,2,6086.06,0
2023-05-10 09:31:23,6086.2,232,6085.8,2,6086.8,1,6086.16,0
2023-05-10 09:31:23,6086.2,232,6085.8,2,6086.8,1,6086.360000000001,1
2023-05-10 09:31:24,6086.2,232,6085.8,2,6087.2,2,6086.56,1
2023-05-10 09:31:24,6085.8,233,6085.8,1,6086.4,1,6086.56,1
2023-05-10 09:31:25,6085.8,233,6085.8,1,6087.0,1,6086.719999999999,1
2023-05-10 09:31:25,6085.8,234,6085.0,1,6087.0,1,6086.7,1
2023-05-10 09:31:26,6085.8,234,6085.4,2,6087.0,1,6086.82,1
2023-05-10 09:31:26,6085.8,234,6085.6,3,6087.2,2,6087.08,1
2023-05-10 09:31:27,6085.8,234,6087.0,1,6087.2,2,6087.34,1
2023-05-10 09:31:27,6087.2,237,6085.8,2,6088.6,1,6087.46,1
2023-05-10 09:31:28,6087.2,237,6086.4,2,6088.4,1,6087.52,1
2023-05-10 09:31:28,6088.2,238,6086.6,1,6088.2,1,6087.4800000000005,0
2023-05-10 09:31:29,6088.2,238,6086.6,1,6088.0,1,6087.4400000000005,0
2023-05-10 09:31:29,6085.8,243,6085.6,3,6087.8,1,6087.64,1
2023-05-10 09:31:30,6087.4,245,6085.0,1,6085.6,1,6087.72,1
2023-05-10 09:31:30,6085.6,246,6085.6,1,6087.6,1,6087.9,1
2023-05-10 09:31:31,6087.0,247,6086.4,1,6088.4,1,6088.160000000001,1
2023-05-10 09:31:31,6088.4,248,6086.8,2,6088.2,1,6088.280000000001,0
2023-05-10 09:31:32,6088.4,248,6087.0,2,6088.2,1,6088.4,0
2023-05-10 09:31:32,6088.4,248,6087.2,1,6088.2,1,6088.52,1
2023-05-10 09:31:33,6087.8,249,6085.8,2,6088.2,1,6088.700000000001,1
2023-05-10 09:31:33,6087.8,249,6086.8,1,6088.0,1,6088.88,1
2023-05-10 09:31:34,6087.8,249,6086.8,1,6088.0,1,6088.96,1
2023-05-10 09:31:34,6087.8,249,6086.8,1,6088.0,1,6089.02,1
2023-05-10 09:31:35,6088.2,251,6087.2,3,6089.2,1,6089.04,1
2023-05-10 09:31:35,6087.4,254,6087.4,2,6089.2,2,6089.14,1
2023-05-10 09:31:36,6089.6,256,6087.8,1,6089.8,1,6089.08,0
2023-05-10 09:31:36,6089.6,256,6088.6,1,6092.6,1,6089.02,0
2023-05-10 09:31:37,6089.6,256,6089.0,1,6091.2,2,6088.9800000000005,0
2023-05-10 09:31:37,6089.6,256,6088.0,1,6089.0,1,6088.9,0
2023-05-10 09:31:38,6089.6,256,6088.4,1,6089.0,1,6088.82,0
2023-05-10 09:31:38,6089.6,256,6088.4,1,6089.0,1,6088.74,0
2023-05-10 09:31:39,6088.6,257,6087.4,1,6088.4,2,6088.76,1
2023-05-10 09:31:39,6088.4,259,6087.8,1,6088.2,1,6088.8,1
2023-05-10 09:31:40,6088.4,260,6088.4,1,6089.0,1,6088.839999999999,1
2023-05-10 09:31:40,6088.4,260,6088.4,1,6089.0,2,6088.9,1
2023-05-10 09:31:41,6089.0,264,6087.6,1,6090.8,1,6088.9,0
2023-05-10 09:31:41,6089.0,264,6088.0,1,6089.2,1,6088.9,0
2023-05-10 09:31:42,6089.2,265,6088.4,2,6088.8,1,6088.86,0
2023-05-10 09:31:42,6088.8,266,6088.6,1,6090.6,1,6088.860000000001,1
2023-05-10 09:31:43,6088.8,266,6088.8,1,6090.4,2,6088.86,1
2023-05-10 09:31:43,6088.8,266,6088.8,1,6090.4,2,6088.86,1
2023-05-10 09:31:44,6088.8,266,6089.0,1,6090.4,2,6088.88,1
2023-05-10 09:31:44,6088.8,266,6089.4,1,6090.4,2,6088.9,1
2023-05-10 09:31:45,6088.8,266,6089.0,1,6090.4,2,6088.92,1
2023-05-10 09:31:45,6089.0,267,6087.8,1,6089.0,2,6089.0,0
2023-05-10 09:31:46,6089.0,267,6088.0,1,6088.8,3,6089.08,1
2023-05-10 09:31:46,6089.0,267,6088.0,1,6088.8,3,6089.160000000001,1
2023-05-10 09:31:47,6088.8,269,6087.4,2,6088.8,2,6089.160000000001,1
2023-05-10 09:31:47,6088.8,269,6087.6,3,6088.0,1,6089.16,1
2023-05-10 09:31:48,6088.8,272,6087.6,2,6089.0,2,6089.160000000001,1
2023-05-10 09:31:48,6088.8,272,6087.8,3,6089.0,2,6089.06,1
2023-05-10 09:31:49,6089.0,273,6088.0,2,6089.0,1,6088.96,0
2023-05-10 09:31:49,6089.0,274,6088.6,1,6088.8,1,6088.88,0
2023-05-10 09:31:50,6089.0,275,6088.8,1,6089.8,1,6088.8,0
2023-05-10 09:31:50,6089.8,276,6089.2,2,6091.0,3,6088.639999999999,0
2023-05-10 09:31:51,6089.8,276,6088.2,1,6090.8,2,6088.4800000000005,0
2023-05-10 09:31:51,6089.8,276,6088.6,1,6090.6,1,6088.32,0
2023-05-10 09:31:52,6088.8,277,6088.2,1,6090.2,1,6088.36,0
2023-05-10 09:31:52,6088.8,277,6088.2,1,6090.0,3,6088.36,0
2023-05-10 09:31:53,6088.8,277,6087.8,2,6089.4,2,6088.48,0
2023-05-10 09:31:53,6087.8,279,6088.0,1,6089.2,3,6088.72,1
2023-05-10 09:31:54,6088.0,280,6087.4,1,6089.2,2,6088.9400000000005,1
2023-05-10 09:31:54,6088.2,281,6087.4,1,6089.0,1,6089.139999999999,1
2023-05-10 09:31:55,6088.2,281,6087.4,1,6088.8,1,6089.46,1
2023-05-10 09:31:55,6088.2,281,6088.8,1,6089.2,1,6089.78,1
2023-05-10 09:31:56,6088.2,281,6088.8,1,6090.0,2,6090.1,1
2023-05-10 09:31:56,6088.2,281,6089.2,1,6090.0,1,6090.4800000000005,1
2023-05-10 09:31:57,6089.2,282,6088.8,1,6090.0,1,6090.799999999999,1
2023-05-10 09:31:57,6088.8,283,6087.8,2,6090.0,1,6091.16,1
2023-05-10 09:31:58,6090.0,284,6089.2,1,6090.2,1,6091.3,1
2023-05-10 09:31:58,6090.2,285,6090.0,1,6091.4,1,6091.459999999999,1
2023-05-10 09:31:59,6090.2,285,6090.0,1,6091.2,1,6091.78,1
2023-05-10 09:31:59,6090.2,285,6090.0,1,6091.0,1,6092.1,1
2023-05-10 09:32:00,6091.4,286,6090.0,1,6092.6,1,6092.2,1
2023-05-10 09:32:00,6091.4,286,6090.2,2,6092.2,2,6092.3,1
2023-05-10 09:32:01,6091.4,286,6091.2,1,6092.0,1,6092.459999999999,1
2023-05-10 09:32:01,6092.0,287,6091.6,1,6092.4,1,6092.56,1
2023-05-10 09:32:02,6092.4,288,6092.4,1,6094.6,2,6092.4400000000005,1
2023-05-10 09:32:02,6092.4,289,6092.4,1,6093.8,1,6092.16,0
2023-05-10 09:32:03,6091.4,291,6090.4,2,6091.8,1,6092.179999999999,1
2023-05-10 09:32:03,6091.8,292,6091.2,1,6092.0,1,6092.160000000001,1
2023-05-10 09:32:04,6093.4,294,6092.0,1,6093.6,2,6091.8,0
2023-05-10 09:32:04,6093.4,294,6092.2,1,6093.6,1,6091.4400000000005,0
2023-05-10 09:32:05,6092.4,295,6092.2,1,6094.2,1,6091.18,0
2023-05-10 09:32:05,6092.4,295,6092.6,1,6093.8,2,6090.92,0
2023-05-10 09:32:06,6093.0,297,6092.4,1,6094.4,2,6090.6,0
2023-05-10 09:32:06,6093.0,298,6091.2,1,6094.0,3,6090.44,0
2023-05-10 09:32:07,6091.2,301,6090.6,2,6092.2,1,6090.52,0
2023-05-10 09:32:07,6089.6,302,6088.2,1,6091.8,3,6090.76,1
2023-05-10 09:32:08,6091.6,303,6089.4,1,6091.6,1,6090.72,0
2023-05-10 09:32:08,6091.6,303,6089.8,1,6091.4,1,6090.679999999999,0
2023-05-10 09:32:09,6089.8,304,6089.6,1,6091.6,1,6090.820000000001,1
2023-05-10 09:32:09,6089.8,304,6089.8,1,6091.4,1,6090.96,1
2023-05-10 09:32:10,6089.8,304,6091.4,1,6092.0,1,6091.2,1
2023-05-10 09:32:10,6089.8,304,6091.8,1,6092.2,1,6091.4400000000005,1
2023-05-10 09:32:11,6089.8,304,6091.8,1,6092.2,1,6091.6,1
2023-05-10 09:32:11,6091.4,306,6090.2,2,6092.2,1,6091.6,1
2023-05-10 09:32:12,6092.0,307,6090.6,1,6092.2,1,6091.54,0
2023-05-10 09:32:12,6092.0,307,6090.8,3,6092.2,1,6091.62,0
2023-05-10 09:32:13,6091.2,308,6090.8,1,6092.2,1,6091.8,1
2023-05-10 09:32:13,6091.2,308,6091.0,1,6092.2,1,6091.9800000000005,1
2023-05-10 09:32:14,6091.2,308,6091.2,1,6092.2,1,6092.16,1
2023-05-10 09:32:15,6091.2,308,6091.2,1,6092.2,1,6092.34,1
2023-05-10 09:32:15,6092.2,309,6091.2,1,6094.0,1,6092.42,1
2023-05-10 09:32:16,6092.2,309,6092.2,1,6093.2,1,6092.5,1
2023-05-10 09:32:16,6091.4,311,6091.2,1,6093.0,1,6092.660000000001,1
2023-05-10 09:32:17,6091.4,311,6091.2,1,6092.8,3,6092.86,1
2023-05-10 09:32:17,6091.4,311,6091.2,1,6092.8,2,6093.06,1
2023-05-10 09:32:18,6092.8,312,6091.6,1,6093.0,1,6093.12,1
2023-05-10 09:32:18,6093.0,313,6091.8,2,6093.8,2,6093.08,1
2023-05-10 09:32:19,6093.0,313,6092.0,2,6093.6,1,6093.039999999999,1
2023-05-10 09:32:19,6093.0,313,6092.2,2,6093.6,1,6093.0,0
2023-05-10 09:32:20,6093.0,313,6092.2,1,6093.4,1,6093.0,0
2023-05-10 09:32:20,6093.0,313,6092.2,1,6093.4,3,6093.0,0
2023-05-10 09:32:21,6093.0,313,6091.8,1,6092.2,1,6093.0,0
2023-05-10 09:32:21,6093.0,313,6091.4,1,6092.2,1,6093.0,0
2023-05-10 09:32:22,6093.4,317,6091.2,1,6094.6,2,6092.960000000001,0
2023-05-10 09:32:22,6093.4,317,6091.4,1,6093.6,1,6092.780000000001,0
2023-05-10 09:32:23,6093.4,317,6092.6,1,6093.0,1,6092.6,0
2023-05-10 09:32:23,6092.6,319,6091.8,1,6093.4,1,6092.5,0
2023-05-10 09:32:24,6092.6,319,6092.0,1,6093.4,1,6092.34,0
2023-05-10 09:32:24,6092.6,319,6093.0,1,6093.4,1,6092.179999999999,0
2023-05-10 09:32:25,6093.0,320,6092.0,1,6093.4,1,6091.98,0
2023-05-10 09:32:25,6093.0,320,6091.6,2,6094.4,2,6091.92,0
2023-05-10 09:32:26,6093.0,320,6091.6,2,6094.0,3,6091.86,0
2023-05-10 09:32:26,6093.0,320,6091.6,2,6093.8,3,6091.8,0
2023-05-10 09:32:27,6093.0,320,6091.6,2,6093.2,1,6091.74,0
2023-05-10 09:32:27,6091.6,322,6090.0,1,6092.8,1,6091.82,1
2023-05-10 09:32:28,6091.6,322,6090.4,2,6092.4,1,6091.9,1
2023-05-10 09:32:28,6091.6,322,6091.0,2,6092.2,3,6091.9,1
2023-05-10 09:32:29,6091.0,324,6090.2,1,6092.0,3,6091.96,1
2023-05-10 09:32:29,6091.0,324,6089.8,1,6091.6,1,6092.06,1
2023-05-10 09:32:30,6091.0,324,6090.2,1,6091.4,1,6092.16,1
2023-05-10 09:32:30,6092.4,327,6090.6,1,6092.6,2,6092.14,0
2023-05-10 09:32:31,6092.4,327,6090.8,1,6092.2,1,6092.0,0
2023-05-10 09:32:31,6092.4,327,6090.4,1,6092.2,1,6091.86,0
2023-05-10 09:32:32,6092.4,327,6089.8,1,6091.8,3,6091.72,0
2023-05-10 09:32:32,6092.4,327,6089.8,1,6091.6,2,6091.780000000001,0
2023-05-10 09:32:33,6092.4,327,6089.8,1,6091.6,1,6091.84,0
2023-05-10 09:32:33,6091.6,328,6091.0,1,6092.2,1,6091.9800000000005,1
2023-05-10 09:32:34,6091.6,330,6091.4,1,6092.0,1,6092.06,1
2023-05-10 09:32:34,6092.0,331,6092.0,1,6093.6,1,6092.1,1
2023-05-10 09:32:35,6092.0,331,6092.0,1,6093.4,5,6092.14,1
2023-05-10 09:32:35,6092.2,332,6091.0,1,6093.0,1,6092.16,0
2023-05-10 09:32:36,6091.0,333,6090.2,1,6092.8,1,6092.3,1
2023-05-10 09:32:36,6091.0,333,6090.4,2,6092.4,1,6092.36,1
2023-05-10 09:32:37,6091.0,333,6090.8,2,6093.0,1,6092.42,1
2023-05-10 09:32:37,6093.0,335,6091.0,2,6093.2,1,6092.28,0
2023-05-10 09:32:38,6093.0,335,6092.4,2,6093.0,1,6092.139999999999,0
2023-05-10 09:32:38,6093.0,337,6092.4,1,6093.4,3,6091.98,0
2023-05-10 09:32:39,6092.4,338,6091.2,1,6093.2,1,6091.879999999999,0
2023-05-10 09:32:39,6092.4,338,6091.4,3,6093.6,1,6091.72,0
2023-05-10 09:32:40,6092.4,338,6091.6,1,6093.4,2,6091.56,0
2023-05-10 09:32:40,6092.4,338,6091.8,1,6093.4,2,6091.4,0
2023-05-10 09:32:41,6092.4,338,6091.8,1,6093.4,2,6091.240000000001,0
2023-05-10 09:32:41,6091.6,340,6091.4,2,6093.4,2,6091.16,0
2023-05-10 09:32:42,6091.6,340,6091.4,2,6093.4,2,6091.08,0
2023-05-10 09:32:43,6091.6,340,6091.4,2,6093.2,2,6091.0,0
2023-05-10 09:32:43,6091.6,340,6091.4,3,6093.2,2,6090.92,0
2023-05-10 09:32:44,6091.4,341,6091.4,2,6093.0,1,6090.860000000001,0
2023-05-10 09:32:44,6091.4,342,6090.4,2,6090.8,1,6090.8,0
2023-05-10 09:32:45,6090.8,345,6090.0,3,6092.6,1,6090.719999999999,0
2023-05-10 09:32:45,6090.8,345,6090.8,1,6092.0,1,6090.64,0
2023-05-10 09:32:46,6090.8,345,6090.8,1,6091.8,4,6090.56,0
2023-05-10 09:32:46,6090.8,346,6090.0,2,6091.8,1,6090.620000000001,0
2023-05-10 09:32:47,6090.8,346,6090.2,1,6091.8,1,6090.68,0
2023-05-10 09:32:47,6090.8,346,6090.0,1,6091.6,1,6090.74,0
2023-05-10 09:32:48,6090.8,346,6090.2,1,6091.6,1,6090.8,0
2023-05-10 09:32:48,6090.8,346,6090.0,1,6091.6,1,6090.86,1
2023-05-10 09:32:49,6090.8,346,6090.2,2,6091.4,1,6090.92,1
2023-05-10 09:32:49,6090.8,346,6090.8,1,6091.4,1,6091.02,1
2023-05-10 09:32:50,6090.0,347,6088.4,2,6091.6,1,6091.24,1
2023-05-10 09:32:50,6090.0,347,6089.4,2,6091.6,1,6091.38,1
2023-05-10 09:32:51,6090.0,347,6089.6,3,6091.4,2,6091.52,1
2023-05-10 09:32:51,6091.4,348,6089.8,1,6091.4,1,6091.52,1
2023-05-10 09:32:52,6091.4,348,6090.0,1,6091.4,1,6091.52,1
2023-05-10 09:32:52,6091.4,348,6090.2,1,6091.4,1,6091.52,1
2023-05-10 09:32:53,6091.4,349,6091.4,1,6093.6,1,6091.52,1
2023-05-10 09:32:54,6091.4,349,6091.8,1,6093.2,2,6091.52,1
2023-05-10 09:32:54,6091.4,349,6091.8,1,6093.0,1,6091.52,1
2023-05-10 09:32:55,6091.8,350,6091.4,1,6092.2,1,6091.4800000000005,0
2023-05-10 09:32:55,6092.2,351,6091.4,1,6092.6,1,6091.56,0
2023-05-10 09:32:56,6091.4,352,6090.4,2,6092.6,1,6091.719999999999,1
2023-05-10 09:32:56,6091.4,352,6090.6,3,6092.6,1,6091.76,1
2023-05-10 09:32:57,6091.4,352,6090.8,1,6092.6,1,6091.8,1
2023-05-10 09:32:57,6091.4,352,6091.0,1,6092.6,1,6091.86,1
2023-05-10 09:32:58,6091.4,352,6091.2,1,6093.0,1,6092.08,1
2023-05-10 09:32:58,6091.4,352,6091.4,1,6093.0,1,6092.3,1
2023-05-10 09:33:00,6091.4,352,6091.4,1,6092.8,1,6092.52,1
2023-05-10 09:33:00,6091.4,352,6091.4,1,6092.8,1,6092.74,1
2023-05-10 09:33:01,6091.4,352,6091.4,1,6093.0,1,6092.96,1
2023-05-10 09:33:01,6093.0,353,6091.6,2,6094.6,1,6093.02,1
2023-05-10 09:33:02,6093.0,353,6093.2,1,6094.2,3,6093.08,1
2023-05-10 09:33:02,6091.8,355,6091.8,1,6094.2,3,6093.26,1
2023-05-10 09:33:03,6091.8,355,6092.0,2,6094.0,1,6093.4400000000005,1
2023-05-10 09:33:03,6092.0,357,6091.8,1,6093.8,1,6093.6,1
2023-05-10 09:33:04,6093.6,358,6092.0,3,6094.0,1,6093.6,0
2023-05-10 09:33:04,6093.6,358,6092.0,3,6094.2,2,6093.400000000001,0
2023-05-10 09:33:05,6093.6,358,6092.0,2,6093.8,1,6093.18,0
2023-05-10 09:33:05,6093.6,359,6092.0,1,6093.8,1,6092.96,0
2023-05-10 09:33:06,6093.6,359,6092.0,1,6093.6,1,6092.74,0
2023-05-10 09:33:06,6093.6,359,6091.6,1,6093.4,1,6092.52,0
2023-05-10 09:33:07,6093.6,359,6090.6,1,6093.2,2,6092.3,0
2023-05-10 09:33:07,6093.6,359,6090.8,1,6092.6,1,6092.08,0
2023-05-10 09:33:08,6093.6,359,6091.0,1,6092.2,1,6091.86,0
2023-05-10 09:33:08,6093.6,359,6090.0,1,6092.2,1,6091.64,0
2023-05-10 09:33:09,6093.6,359,6090.6,1,6092.0,1,6091.42,0
2023-05-10 09:33:09,6091.6,360,6090.2,1,6092.2,1,6091.4,0
2023-05-10 09:33:10,6091.4,361,6090.4,2,6092.4,1,6091.379999999999,0
2023-05-10 09:33:10,6091.4,361,6090.6,1,6092.4,1,6091.36,0
2023-05-10 09:33:11,6091.4,361,6090.8,1,6092.4,1,6091.339999999999,0
2023-05-10 09:33:12,6091.4,361,6091.0,1,6092.2,1,6091.32,0
2023-05-10 09:33:12,6091.4,361,6091.2,1,6093.4,2,6091.3,0
2023-05-10 09:33:13,6091.4,361,6091.4,2,6093.0,1,6091.280000000001,0
2023-05-10 09:33:13,6091.4,361,6091.4,1,6093.2,2,6091.26,0
2023-05-10 09:33:14,6091.4,361,6092.4,1,6093.2,2,6091.24,0
2023-05-10 09:33:15,6091.4,361,6091.4,1,6093.0,1,6091.22,0
2023-05-10 09:33:17,6091.4,361,6091.4,1,6093.0,1,6091.2,0
2023-05-10 09:33:18,6091.2,363,6091.0,1,6093.0,1,6091.26,1
2023-05-10 09:33:18,6091.2,363,6091.0,1,6092.8,2,6091.32,1
2023-05-10 09:33:19,6091.2,363,6091.0,1,6092.6,1,6091.38,1
2023-05-10 09:33:19,6091.2,363,6090.8,2,6092.6,1,6091.44,1
2023-05-10 09:33:20,6091.2,363,6091.0,1,6092.6,1,6091.5,1
2023-05-10 09:33:20,6091.2,363,6091.2,1,6092.8,1,6091.56,1
2023-05-10 09:33:21,6091.2,364,6091.0,1,6092.8,1,6091.62,1
2023-05-10 09:33:21,6091.2,364,6090.8,1,6092.4,1,6091.68,1
2023-05-10 09:33:22,6091.2,364,6090.4,1,6092.2,1,6091.74,1
2023-05-10 09:33:22,6091.2,364,6090.4,1,6091.8,1,6091.8,1
2023-05-10 09:33:23,6091.8,365,6090.6,1,6092.2,1,6091.8,0
2023-05-10 09:33:24,6091.8,365,6090.6,1,6092.2,1,6091.8,0
2023-05-10 09:33:24,6091.8,365,6090.6,1,6093.2,2,6091.8,0
2023-05-10 09:33:25,6091.8,365,6090.6,1,6092.8,1,6091.8,0
2023-05-10 09:33:25,6091.8,365,6090.6,1,6092.6,2,6091.8,0
2023-05-10 09:33:26,6091.8,365,6090.6,1,6092.2,1,6091.8,0
2023-05-10 09:33:27,6091.8,365,6091.4,1,6092.2,1,6091.800000000001,1
2023-05-10 09:33:27,6091.8,365,6090.6,1,6092.2,1,6091.8,0
2023-05-10 09:33:28,6091.8,365,6090.6,1,6092.2,1,6091.8,0
2023-05-10 09:33:28,6091.8,365,6090.6,1,6092.4,1,6091.8,0
2023-05-10 09:33:29,6091.8,365,6090.6,1,6092.4,1,6091.780000000001,0
2023-05-10 09:33:29,6091.8,365,6091.0,1,6092.6,1,6091.76,0
2023-05-10 09:33:30,6091.8,365,6091.2,1,6092.6,1,6091.74,0
2023-05-10 09:33:30,6091.8,365,6091.0,1,6092.6,1,6091.56,0
2023-05-10 09:33:31,6091.8,366,6090.6,1,6092.4,2,6091.38,0
2023-05-10 09:33:31,6091.8,366,6090.4,1,6092.2,3,6091.14,0
2023-05-10 09:33:32,6091.8,366,6090.0,1,6091.8,1,6090.9,0
2023-05-10 09:33:32,6091.8,366,6090.0,1,6091.6,1,6090.660000000001,0
2023-05-10 09:33:33,6091.8,366,6090.2,1,6091.8,1,6090.46,0
2023-05-10 09:33:33,6091.8,366,6090.2,1,6091.6,1,6090.26,0
2023-05-10 09:33:34,6091.6,367,6090.0,2,6091.2,1,6090.08,0
2023-05-10 09:33:34,6091.6,367,6090.0,2,6091.0,2,6089.9,0
2023-05-10 09:33:35,6091.6,367,6090.0,2,6090.8,1,6089.72,0
2023-05-10 09:33:37,6090.0,369,6089.4,1,6090.8,1,6089.7,0
2023-05-10 09:33:38,6090.0,369,6090.2,1,6090.6,1,6089.68,0
2023-05-10 09:33:38,6089.4,371,6088.6,1,6090.8,1,6089.719999999999,1
2023-05-10 09:33:39,6089.4,371,6089.0,1,6090.6,2,6089.76,1
2023-05-10 09:33:39,6089.4,371,6089.8,1,6090.6,2,6089.8,1
2023-05-10 09:33:40,6089.8,372,6089.0,1,6090.6,1,6089.8,0
2023-05-10 09:33:40,6089.8,372,6089.2,1,6090.6,1,6089.8,0
2023-05-10 09:33:41,6089.8,372,6088.8,1,6090.4,1,6089.800000000001,1
2023-05-10 09:33:41,6089.8,372,6088.2,1,6090.2,2,6089.8,0
2023-05-10 09:33:42,6089.8,372,6088.2,1,6089.8,1,6089.8,0
2023-05-10 09:33:42,6089.8,372,6088.6,1,6089.6,1,6089.8,0
2023-05-10 09:33:43,6089.8,372,6088.6,1,6090.0,1,6089.8,0
2023-05-10 09:33:44,6089.8,372,6088.6,1,6089.8,1,6089.8,0
2023-05-10 09:33:45,6089.8,373,6088.0,1,6090.0,1,6089.8,0
2023-05-10 09:33:45,6089.8,374,6088.0,1,6089.8,1,6089.719999999999,0
2023-05-10 09:33:46,6089.8,374,6088.2,1,6089.6,1,6089.64,0
2023-05-10 09:33:46,6089.8,374,6088.2,1,6089.6,1,6089.56,0
2023-05-10 09:33:47,6089.8,374,6088.2,1,6089.8,1,6089.379999999999,0
2023-05-10 09:33:47,6089.8,374,6088.4,1,6089.8,1,6089.2,0
2023-05-10 09:33:48,6089.8,374,6088.2,1,6089.8,1,6089.02,0
2023-05-10 09:33:49,6089.8,374,6088.0,1,6089.8,1,6089.02,0
2023-05-10 09:33:51,6089.8,375,6088.0,1,6090.0,1,6089.02,0
2023-05-10 09:33:51,6089.8,375,6088.2,1,6089.8,2,6089.02,0
2023-05-10 09:33:52,6089.8,375,6089.0,1,6089.8,2,6089.02,0
2023-05-10 09:33:52,6089.0,376,6088.0,1,6089.0,1,6089.1,1
2023-05-10 09:33:53,6089.0,376,6088.0,1,6088.8,2,6089.18,1
2023-05-10 09:33:53,6089.0,376,6088.0,1,6089.0,1,6089.26,1
2023-05-10 09:33:54,6088.0,380,6086.4,1,6089.8,1,6089.460000000001,1
2023-05-10 09:33:54,6088.0,380,6088.4,1,6089.8,1,6089.660000000001,1
2023-05-10 09:33:55,6088.0,380,6089.8,1,6090.0,1,6089.9400000000005,1
2023-05-10 09:33:55,6089.8,381,6088.8,1,6090.0,1,6090.04,1
2023-05-10 09:33:56,6089.8,381,6088.6,1,6090.0,1,6090.14,1
2023-05-10 09:33:56,6089.8,381,6089.2,1,6090.6,1,6090.24,1
2023-05-10 09:33:57,6089.8,381,6088.6,1,6090.6,1,6090.34,1
2023-05-10 09:33:57,6089.8,381,6089.6,1,6092.0,1,6090.4400000000005,1
2023-05-10 09:33:58,6089.8,381,6089.8,1,6091.6,4,6090.54,1
2023-05-10 09:33:58,6089.8,381,6089.8,1,6091.4,1,6090.64,1
2023-05-10 09:33:59,6090.0,382,6089.6,1,6091.0,2,6090.719999999999,1
2023-05-10 09:33:59,6090.0,382,6088.6,1,6090.8,1,6090.8,1
2023-05-10 09:34:00,6090.8,383,6089.0,1,6091.2,1,6090.700000000001,0
2023-05-10 09:34:00,6090.8,383,6089.2,2,6090.8,1,6090.6,0
2023-05-10 09:34:01,6090.8,383,6089.6,2,6091.2,1,6090.5,0
2023-05-10 09:34:01,6090.8,383,6089.4,1,6091.2,1,6090.4,0
2023-05-10 09:34:02,6090.8,383,6089.6,1,6091.2,1,6090.38,0
2023-05-10 09:34:02,6090.8,383,6089.6,1,6091.0,1,6090.36,0
2023-05-10 09:34:03,6090.8,384,6089.6,1,6090.8,1,6090.34,0
2023-05-10 09:34:03,6090.8,384,6089.4,1,6090.6,1,6090.32,0
2023-05-10 09:34:04,6090.8,384,6089.0,1,6090.4,1,6090.300000000001,0
2023-05-10 09:34:04,6090.8,384,6089.8,1,6090.2,1,6090.360000000001,0
2023-05-10 09:34:05,6089.8,385,6089.0,1,6090.0,1,6090.52,1
2023-05-10 09:34:05,6089.8,385,6089.2,2,6090.6,1,6090.68,1
2023-05-10 09:34:06,6089.8,385,6089.2,2,6090.6,1,6090.84,1
2023-05-10 09:34:06,6089.8,385,6089.4,1,6090.6,1,6090.92,1
2023-05-10 09:34:07,6090.6,386,6090.6,6,6090.8,1,6090.92,1
2023-05-10 09:34:07,6090.6,387,6090.6,5,6090.8,1,6090.92,1
2023-05-10 09:34:08,6090.6,392,6090.6,10,6091.6,2,6090.780000000001,1
2023-05-10 09:34:08,6090.6,393,6090.6,9,6091.4,2,6090.639999999999,1
2023-05-10 09:34:09,6090.6,402,6090.0,1,6090.6,1,6090.5,0
2023-05-10 09:34:09,6091.4,412,6091.4,1,6091.6,2,6090.280000000001,0
2023-05-10 09:34:10,6091.4,413,6088.2,1,6090.6,4,6090.06,0
2023-05-10 09:34:10,6091.4,413,6089.0,1,6091.2,1,6089.84,0
2023-05-10 09:34:11,6091.4,413,6090.6,1,6091.2,1,6089.62,0
2023-05-10 09:34:11,6090.6,414,6089.2,2,6090.6,1,6089.4800000000005,0
2023-05-10 09:34:12,6090.6,414,6089.2,2,6090.6,1,6089.34,0
2023-05-10 09:34:12,6090.6,414,6089.2,2,6091.0,2,6089.2,0
2023-05-10 09:34:13,6089.2,415,6089.2,1,6090.6,1,6089.2,0
2023-05-10 09:34:13,6089.2,415,6089.4,1,6091.0,2,6089.2,0
2023-05-10 09:34:14,6089.2,415,6089.6,1,6091.0,2,6089.199999999999,0
2023-05-10 09:34:15,6089.2,415,6089.6,1,6090.8,2,6089.2,0
2023-05-10 09:34:15,6089.2,415,6088.8,1,6090.8,2,6089.2,0
2023-05-10 09:34:16,6089.2,415,6089.0,2,6090.8,2,6089.2,0
2023-05-10 09:34:17,6089.2,415,6088.8,1,6090.2,1,6089.2,0
2023-05-10 09:34:17,6089.2,417,6088.8,1,6090.6,1,6089.2,0
2023-05-10 09:34:18,6089.2,417,6088.8,1,6090.2,2,6089.2,0
2023-05-10 09:34:18,6089.2,417,6088.4,2,6090.4,1,6089.2,0
2023-05-10 09:34:19,6089.2,417,6088.4,2,6090.2,2,6089.199999999999,0
2023-05-10 09:34:19,6089.2,417,6088.0,1,6089.8,1,6089.2,0
2023-05-10 09:34:20,6089.2,418,6088.0,1,6089.4,2,6089.2,0
2023-05-10 09:34:20,6089.2,418,6088.0,1,6089.2,4,6089.2,0
2023-05-10 09:34:21,6089.2,418,6088.0,1,6089.2,4,6089.3,1
2023-05-10 09:34:21,6089.2,418,6088.2,1,6088.4,2,6089.42,1
2023-05-10 09:34:22,6089.2,418,6088.2,1,6089.0,1,6089.539999999999,1
2023-05-10 09:34:22,6089.2,418,6088.2,1,6089.0,1,6089.8,1
2023-05-10 09:34:23,6089.2,418,6088.2,1,6089.0,1,6090.08,1
2023-05-10 09:34:23,6089.2,418,6088.0,1,6089.0,1,6090.36,1
2023-05-10 09:34:24,6089.2,418,6088.0,1,6090.2,3,6090.64,1
2023-05-10 09:34:24,6089.2,418,6088.0,1,6090.0,3,6090.92,1
2023-05-10 09:34:25,6089.2,418,6088.0,1,6090.0,3,6091.2,1
2023-05-10 09:34:26,6089.2,418,6088.2,1,6090.0,3,6091.4800000000005,1
2023-05-10 09:34:26,6090.2,420,6089.6,1,6090.4,1,6091.66,1
2023-05-10 09:34:27,6090.4,421,6090.4,2,6092.0,2,6091.82,1
2023-05-10 09:34:27,6090.4,421,6090.8,1,6091.8,1,6091.9800000000005,1
2023-05-10 09:34:28,6091.8,423,6090.6,1,6092.0,2,6092.0,1
2023-05-10 09:34:28,6092.0,425,6091.0,1,6092.0,1,6091.84,0
2023-05-10 09:34:29,6092.0,425,6091.2,1,6092.0,1,6091.68,0
2023-05-10 09:34:29,6092.0,426,6091.2,1,6094.0,1,6091.52,0
2023-05-10 09:34:30,6092.0,426,6091.2,1,6091.8,2,6091.36,0
2023-05-10 09:34:30,6092.0,426,6091.0,1,6093.0,1,6091.2,0
2023-05-10 09:34:31,6092.0,426,6091.2,2,6092.2,2,6091.039999999999,0
2023-05-10 09:34:31,6092.0,426,6090.6,1,6091.2,1,6091.1,0
2023-05-10 09:34:32,6092.0,426,6090.4,1,6091.2,1,6091.16,0
2023-05-10 09:34:32,6092.0,426,6090.4,1,6091.4,2,6091.219999999999,0
2023-05-10 09:34:33,6092.0,426,6090.4,1,6091.2,2,6091.280000000001,0
2023-05-10 09:34:33,6090.4,427,6089.8,2,6091.2,3,6091.32,1
2023-05-10 09:34:34,6090.4,427,6090.2,2,6092.8,1,6091.360000000001,1
2023-05-10 09:34:34,6090.4,428,6090.4,3,6092.0,2,6091.42,1
2023-05-10 09:34:35,6090.4,428,6090.6,1,6092.0,2,6091.4800000000005,1
2023-05-10 09:34:35,6090.4,428,6090.6,1,6092.0,2,6091.54,1
2023-05-10 09:34:36,6090.4,428,6090.8,1,6092.0,2,6091.6,1
2023-05-10 09:34:36,6092.6,429,6091.0,2,6093.4,1,6091.4400000000005,0
2023-05-10 09:34:37,6092.6,429,6091.2,1,6093.4,1,6091.280000000001,0
2023-05-10 09:34:37,6092.6,429,6091.4,1,6093.2,2,6091.120000000001,0
2023-05-10 09:34:38,6092.6,429,6091.2,1,6092.6,1,6090.960000000001,0
2023-05-10 09:34:38,6090.8,431,6090.4,1,6092.8,1,6090.96,1
2023-05-10 09:34:39,6090.8,431,6091.0,1,6092.0,2,6090.96,1
2023-05-10 09:34:39,6091.0,432,6089.8,2,6091.8,3,6090.9400000000005,0
2023-05-10 09:34:40,6091.0,432,6089.8,2,6091.0,2,6090.78,0
2023-05-10 09:34:40,6091.0,432,6088.6,1,6091.0,2,6090.62,0
2023-05-10 09:34:41,6091.0,432,6089.0,2,6090.6,2,6090.46,0
2023-05-10 09:34:41,6091.0,432,6089.0,3,6090.8,2,6090.26,0
2023-05-10 09:34:42,6091.0,432,6089.2,1,6090.8,1,6090.06,0
2023-05-10 09:34:42,6091.0,432,6090.4,1,6090.8,1,6089.86,0
2023-05-10 09:34:43,6091.0,432,6089.6,1,6090.8,1,6089.66,0
2023-05-10 09:34:43,6090.8,433,6090.8,9,6091.0,1,6089.56,0
2023-05-10 09:34:44,6090.8,443,6089.2,3,6090.8,1,6089.4400000000005,0
2023-05-10 09:34:44,6090.8,444,6089.8,1,6091.0,1,6089.339999999999,0
2023-05-10 09:34:45,6089.4,446,6089.2,1,6091.0,1,6089.38,0
2023-05-10 09:34:45,6089.4,446,6089.4,2,6090.8,1,6089.42,1
2023-05-10 09:34:46,6089.4,446,6089.0,2,6090.4,1,6089.46,1
2023-05-10 09:34:46,6089.0,447,6088.0,1,6090.2,2,6089.54,1
2023-05-10 09:34:47,6089.0,447,6088.0,1,6089.8,1,6089.62,1
2023-05-10 09:34:47,6089.0,447,6088.4,3,6089.6,1,6089.7,1
2023-05-10 09:34:48,6089.0,447,6089.8,1,6090.2,1,6089.9400000000005,1
2023-05-10 09:34:48,6089.8,449,6088.6,2,6089.6,1,6090.1,1
2023-05-10 09:34:49,6089.6,450,6089.6,1,6089.8,2,6090.3,1
2023-05-10 09:34:49,6089.8,452,6089.6,1,6092.0,1,6090.4800000000005,1
2023-05-10 09:34:50,6089.8,452,6088.8,2,6091.4,3,6090.66,1
2023-05-10 09:34:50,6089.8,452,6088.8,2,6091.0,1,6090.879999999999,1
2023-05-10 09:34:51,6089.8,452,6089.2,1,6091.4,3,6091.1,1
2023-05-10 09:34:51,6089.8,452,6089.6,1,6091.8,1,6091.32,1
2023-05-10 09:34:52,6089.8,452,6091.4,1,6092.0,1,6091.539999999999,1
2023-05-10 09:34:52,6089.8,452,6091.4,1,6092.0,1,6091.74,1
2023-05-10 09:34:53,6091.4,453,6090.2,1,6091.8,2,6091.780000000001,1
2023-05-10 09:34:53,6091.4,453,6090.4,1,6091.8,2,6091.82,1
2023-05-10 09:34:54,6091.6,454,6089.8,2,6091.6,1,6091.84,1
2023-05-10 09:34:54,6091.6,454,6089.8,1,6091.4,1,6091.860000000001,1
2023-05-10 09:34:55,6091.6,455,6090.0,2,6091.8,2,6091.88,1
2023-05-10 09:34:55,6092.0,456,6090.2,2,6093.2,1,6091.860000000001,0
2023-05-10 09:34:56,6092.0,456,6091.6,1,6093.2,1,6091.84,0
2023-05-10 09:34:56,6092.0,456,6091.8,2,6093.2,1,6091.88,0
2023-05-10 09:34:57,6092.0,456,6091.8,2,6093.0,2,6091.84,0
2023-05-10 09:34:57,6091.8,457,6091.6,1,6093.0,2,6091.820000000001,1
2023-05-10 09:34:58,6091.8,457,6091.6,1,6092.8,1,6091.66,0
2023-05-10 09:34:58,6091.8,457,6091.6,1,6092.8,1,6091.5,0
2023-05-10 09:34:59,6091.8,457,6091.6,1,6093.2,1,6091.34,0
2023-05-10 09:34:59,6091.8,457,6091.6,1,6093.2,1,6091.18,0
2023-05-10 09:35:00,6091.8,457,6092.0,1,6093.2,1,6091.02,0
2023-05-10 09:35:01,6091.8,457,6092.4,1,6093.2,1,6090.86,0
2023-05-10 09:35:01,6091.8,457,6092.4,1,6093.2,1,6090.64,0
2023-05-10 09:35:02,6092.4,459,6091.6,1,6093.2,1,6090.36,0
2023-05-10 09:35:02,6091.6,460,6090.8,1,6092.8,1,6090.160000000001,0
2023-05-10 09:35:03,6091.6,460,6090.4,1,6092.4,1,6089.96,0
2023-05-10 09:35:03,6090.2,462,6089.6,1,6092.2,3,6089.9,0
2023-05-10 09:35:04,6090.2,462,6089.6,1,6092.0,2,6089.84,0
2023-05-10 09:35:04,6090.2,463,6090.0,1,6092.0,1,6089.780000000001,0
2023-05-10 09:35:05,6090.2,463,6090.0,1,6091.8,1,6089.72,0
2023-05-10 09:35:05,6090.2,463,6089.8,1,6091.6,2,6089.66,0
2023-05-10 09:35:06,6090.2,463,6089.6,1,6091.2,1,6089.6,0
2023-05-10 09:35:07,6089.6,464,6088.4,1,6091.2,1,6089.6,0
2023-05-10 09:35:07,6089.6,464,6089.6,1,6091.0,1,6089.6,0
2023-05-10 09:35:08,6089.6,464,6089.8,4,6091.6,1,6089.6,0
2023-05-10 09:35:08,6089.6,464,6089.8,3,6092.2,1,6089.660000000001,1
2023-05-10 09:35:09,6089.6,464,6089.8,3,6092.0,5,6089.72,1
2023-05-10 09:35:09,6089.6,464,6089.8,3,6092.0,5,6089.780000000001,1
2023-05-10 09:35:10,6089.6,464,6089.8,3,6092.0,2,6089.84,1
2023-05-10 09:35:10,6089.6,464,6090.0,1,6093.0,1,6089.9400000000005,1
2023-05-10 09:35:11,6089.6,464,6091.6,1,6092.4,1,6090.04,1
2023-05-10 09:35:11,6089.6,464,6090.2,1,6092.0,1,6090.14,1
2023-05-10 09:35:12,6089.6,464,6090.2,1,6091.4,1,6090.24,1
2023-05-10 09:35:12,6089.6,464,6090.2,1,6091.4,1,6090.34,1
2023-05-10 09:35:14,6089.6,464,6090.4,1,6092.2,3,6090.4400000000005,1
2023-05-10 09:35:14,6090.2,466,6090.6,4,6092.8,1,6090.48,1
2023-05-10 09:35:15,6090.2,466,6090.8,1,6093.0,1,6090.620000000001,1
2023-05-10 09:35:15,6090.2,466,6090.8,1,6092.2,1,6090.68,1
2023-05-10 09:35:16,6090.2,466,6091.0,1,6092.2,1,6090.7,1
2023-05-10 09:35:16,6090.6,467,6090.2,1,6091.8,1,6090.68,1
2023-05-10 09:35:17,6090.6,467,6089.8,1,6091.8,1,6090.660000000001,1
2023-05-10 09:35:17,6090.6,467,6089.8,1,6091.6,1,6090.64,1
2023-05-10 09:35:18,6090.6,467,6090.0,1,6091.8,1,6090.62,1
2023-05-10 09:35:18,6090.6,467,6090.2,1,6092.0,1,6090.6,0
2023-05-10 09:35:19,6090.6,467,6090.2,1,6092.2,1,6090.58,0
2023-05-10 09:35:19,6090.6,467,6090.6,1,6091.6,1,6090.56,0
2023-05-10 09:35:20,6091.6,468,6090.8,2,6093.0,2,6090.44,0
2023-05-10 09:35:20,6090.8,469,6090.8,1,6092.2,1,6090.4,0
2023-05-10 09:35:21,6090.4,471,6090.4,1,6092.2,1,6090.4,0
2023-05-10 09:35:21,6090.4,471,6090.4,1,6091.8,1,6090.4,0
2023-05-10 09:35:22,6090.4,471,6089.2,1,6091.6,1,6090.4,0
2023-05-10 09:35:22,6090.4,471,6089.6,1,6092.0,1,6090.4,0
2023-05-10 09:35:23,6090.4,471,6089.8,2,6091.6,1,6090.4,0
2023-05-10 09:35:23,6090.4,471,6090.0,1,6092.0,1,6090.459999999999,1
2023-05-10 09:35:24,6090.4,471,6090.0,1,6091.8,1,6090.52,1
2023-05-10 09:35:24,6090.4,471,6090.0,1,6091.8,1,6090.46,1
2023-05-10 09:35:25,6090.4,471,6089.8,1,6091.6,1,6090.4,0
2023-05-10 09:35:25,6090.4,471,6089.8,1,6091.6,1,6090.339999999999,0
2023-05-10 09:35:26,6090.4,471,6089.8,1,6092.0,1,6090.280000000001,0
2023-05-10 09:35:26,6090.4,471,6089.8,1,6091.6,1,6090.22,0
2023-05-10 09:35:27,6090.4,471,6089.8,1,6091.6,1,6090.32,0
2023-05-10 09:35:28,6090.4,471,6089.8,1,6091.2,1,6090.379999999999,0
2023-05-10 09:35:28,6090.4,471,6089.6,1,6091.0,1,6090.44,1
2023-05-10 09:35:29,6091.0,472,6089.2,1,6091.2,1,6090.44,0
2023-05-10 09:35:30,6091.0,472,6089.4,2,6089.8,5,6090.44,0
2023-05-10 09:35:30,6089.8,477,6089.8,1,6091.8,1,6090.56,1
2023-05-10 09:35:31,6089.8,477,6089.4,1,6091.2,1,6090.679999999999,1
2023-05-10 09:35:31,6089.8,477,6088.6,1,6090.8,2,6090.8,1
2023-05-10 09:35:32,6089.8,477,6089.0,1,6090.6,1,6090.92,1
2023-05-10 09:35:32,6089.8,477,6089.2,1,6090.8,1,6090.98,1
2023-05-10 09:35:33,6091.4,484,6089.4,2,6091.6,1,6090.88,0
2023-05-10 09:35:33,6091.0,485,6089.8,3,6091.2,1,6090.820000000001,0
2023-05-10 09:35:34,6091.0,485,6090.0,3,6092.6,1,6090.76,0
2023-05-10 09:35:34,6091.0,485,6090.0,3,6092.0,1,6090.7,0
2023-05-10 09:35:35,6091.0,485,6090.4,1,6092.0,1,6090.7,0
2023-05-10 09:35:35,6091.0,485,6090.6,1,6092.0,2,6090.7,0
2023-05-10 09:35:36,6091.0,485,6090.2,1,6092.0,2,6090.7,0
2023-05-10 09:35:36,6091.0,485,6090.4,1,6091.4,1,6090.66,0
2023-05-10 09:35:37,6091.0,485,6090.4,1,6092.0,2,6090.620000000001,0
2023-05-10 09:35:37,6090.4,486,6090.0,4,6090.4,1,6090.780000000001,1
2023-05-10 09:35:38,6090.4,487,6090.6,1,6091.8,2,6090.9400000000005,1
2023-05-10 09:35:38,6090.4,487,6090.6,1,6091.8,2,6091.1,1
2023-05-10 09:35:39,6090.4,487,6090.6,1,6091.0,1,6091.26,1
2023-05-10 09:35:39,6090.4,487,6090.6,1,6091.0,1,6091.42,1
2023-05-10 09:35:40,6091.0,488,6090.6,1,6091.8,2,6091.52,1
2023-05-10 09:35:40,6091.0,488,6091.2,1,6092.0,1,6091.620000000001,1
2023-05-10 09:35:41,6091.0,488,6091.2,1,6092.0,1,6091.72,1
2023-05-10 09:35:41,6090.6,490,6090.0,3,6092.0,1,6091.860000000001,1
2023-05-10 09:35:42,6090.6,490,6090.4,2,6092.0,1,6092.0,1
2023-05-10 09:35:43,6092.0,491,6090.4,2,6092.2,1,6092.0,0
2023-05-10 09:35:44,6092.0,491,6090.6,2,6092.2,1,6092.0,0
2023-05-10 09:35:44,6092.0,491,6091.0,1,6092.2,1,6092.02,1
2023-05-10 09:35:45,6092.0,491,6090.8,2,6092.8,1,6092.039999999999,1
2023-05-10 09:35:45,6092.0,491,6091.0,2,6092.4,1,6092.06,1
2023-05-10 09:35:46,6092.0,491,6091.2,1,6092.0,1,6092.08,1
2023-05-10 09:35:46,6092.0,491,6090.4,1,6092.2,1,6092.1,1
2023-05-10 09:35:47,6092.0,491,6090.6,3,6092.4,1,6092.0,0
2023-05-10 09:35:47,6092.0,491,6091.0,1,6092.2,1,6092.02,1
2023-05-10 09:35:48,6092.0,491,6092.0,1,6092.2,1,6092.039999999999,1
2023-05-10 09:35:48,6092.0,491,6092.2,1,6092.4,1,6092.02,1
2023-05-10 09:35:49,6092.0,491,6092.2,1,6092.4,1,6091.98,0
2023-05-10 09:35:49,6092.2,492,6091.4,1,6092.4,1,6091.92,0
2023-05-10 09:35:50,6092.2,492,6090.8,2,6092.2,1,6091.860000000001,0
2023-05-10 09:35:50,6092.2,492,6091.0,3,6092.4,1,6091.8,0
2023-05-10 09:35:51,6092.2,492,6092.2,1,6092.4,1,6091.74,0
2023-05-10 09:35:51,6092.2,493,6091.2,1,6091.6,1,6091.679999999999,0
2023-05-10 09:35:52,6091.0,494,6091.0,2,6092.4,1,6091.740000000001,1
2023-05-10 09:35:52,6092.2,495,6090.8,2,6091.8,1,6091.74,0
2023-05-10 09:35:53,6092.2,495,6091.8,1,6092.4,1,6091.6,0
2023-05-10 09:35:53,6091.8,496,6091.6,1,6092.0,1,6091.66,0
2023-05-10 09:35:54,6091.6,497,6090.6,1,6092.0,1,6091.74,1
2023-05-10 09:35:54,6091.6,497,6090.8,1,6092.4,1,6091.820000000001,1
2023-05-10 09:35:55,6091.6,497,6090.8,1,6092.0,1,6091.9,1
2023-05-10 09:35:55,6091.6,497,6090.8,1,6092.4,1,6091.98,1
2023-05-10 09:35:56,6091.6,497,6090.8,1,6092.2,1,6092.06,1
2023-05-10 09:35:57,6091.6,497,6090.8,1,6091.6,1,6092.14,1
2023-05-10 09:35:57,6091.6,497,6090.2,1,6092.2,1,6092.219999999999,1
2023-05-10 09:35:58,6092.2,498,6090.6,3,6092.4,1,6092.24,1
2023-05-10 09:35:58,6090.8,499,6090.8,2,6092.4,1,6092.4,1
2023-05-10 09:35:59,6092.4,500,6091.2,1,6093.0,1,6092.4,0
2023-05-10 09:36:00,6092.4,500,6091.6,1,6092.8,1,6092.4,0
2023-05-10 09:36:00,6092.4,500,6091.8,1,6093.0,1,6092.46,1
2023-05-10 09:36:01,6092.4,500,6092.0,1,6093.0,1,6092.539999999999,1
2023-05-10 09:36:01,6092.4,500,6091.4,1,6093.0,1,6092.7,1
2023-05-10 09:36:02,6092.4,500,6091.6,1,6092.8,1,6092.82,1
2023-05-10 09:36:02,6092.4,500,6091.4,1,6091.6,1,6093.08,1
2023-05-10 09:36:03,6092.4,500,6091.6,1,6093.0,1,6093.339999999999,1
2023-05-10 09:36:03,6092.4,500,6091.0,2,6092.8,2,6093.6,1
2023-05-10 09:36:04,6092.4,500,6091.4,1,6092.8,1,6093.86,1
2023-05-10 09:36:04,6092.4,500,6091.8,1,6092.8,1,6094.12,1
2023-05-10 09:36:05,6092.4,500,6092.8,1,6093.0,1,6094.379999999999,1
2023-05-10 09:36:05,6093.0,501,6092.8,1,6093.2,1,6094.58,1
2023-05-10 09:36:06,6093.2,502,6093.4,1,6094.0,1,6094.76,1
2023-05-10 09:36:06,6094.0,503,6093.4,1,6095.0,3,6094.86,1
2023-05-10 09:36:07,6093.6,504,6094.0,1,6095.0,3,6095.0,1
2023-05-10 09:36:07,6095.0,506,6094.0,1,6095.0,1,6095.0,0
2023-05-10 09:36:08,6095.0,506,6094.4,1,6095.0,1,6095.0,0
2023-05-10 09:36:08,6095.0,507,6094.4,1,6095.8,1,6095.0,0
2023-05-10 09:36:09,6095.0,507,6094.4,1,6095.8,1,6095.0,0
2023-05-10 09:36:10,6095.0,507,6094.4,1,6095.8,1,6095.0,0
2023-05-10 09:36:10,6095.0,507,6094.6,2,6095.8,1,6095.0,0
2023-05-10 09:36:11,6095.0,507,6094.2,2,6095.8,1,6095.04,1
2023-05-10 09:36:12,6095.0,507,6094.4,1,6095.6,1,6095.08,1
2023-05-10 09:36:12,6095.0,507,6094.2,2,6095.4,2,6095.14,1
2023-05-10 09:36:13,6095.0,507,6094.2,1,6095.4,2,6095.2,1
2023-05-10 09:36:13,6095.0,507,6094.2,1,6095.8,1,6095.26,1
2023-05-10 09:36:14,6095.0,507,6094.8,1,6095.8,1,6095.320000000001,1
2023-05-10 09:36:14,6095.0,507,6094.2,1,6095.6,1,6095.4,1
2023-05-10 09:36:15,6095.0,507,6094.2,1,6095.4,2,6095.5,1
2023-05-10 09:36:15,6095.0,507,6094.2,1,6095.4,3,6095.58,1
2023-05-10 09:36:16,6095.0,507,6094.2,1,6095.4,2,6095.72,1
2023-05-10 09:36:16,6095.4,508,6094.2,1,6095.6,1,6095.82,1
2023-05-10 09:36:17,6095.4,508,6094.8,1,6095.6,1,6095.92,1
2023-05-10 09:36:17,6095.6,509,6094.8,1,6095.8,1,6096.0,1
2023-05-10 09:36:18,6095.6,509,6094.4,1,6095.8,1,6096.08,1
2023-05-10 09:36:19,6095.6,509,6094.6,1,6095.8,1,6096.159999999999,1
2023-05-10 09:36:20,6095.6,509,6095.0,1,6095.8,1,6096.46,1
2023-05-10 09:36:20,6095.8,510,6095.2,1,6096.0,1,6096.74,1
2023-05-10 09:36:21,6096.0,511,6095.6,1,6098.0,1,6097.0,1
2023-05-10 09:36:21,6095.8,512,6095.8,4,6096.4,1,6097.14,1
2023-05-10 09:36:22,6096.4,513,6096.4,1,6097.4,1,6097.219999999999,1
2023-05-10 09:36:22,6096.4,513,6095.8,4,6098.6,1,6097.3,1
2023-05-10 09:36:23,6096.4,513,6096.6,1,6098.2,1,6097.38,1
2023-05-10 09:36:23,6096.4,513,6096.8,1,6098.2,1,6097.46,1
2023-05-10 09:36:24,6096.4,513,6097.0,1,6098.6,1,6097.539999999999,1
2023-05-10 09:36:24,6096.4,513,6097.4,1,6098.6,1,6097.620000000001,1
2023-05-10 09:36:25,6098.6,514,6097.6,1,6099.2,10,6097.56,0
2023-05-10 09:36:25,6098.6,518,6097.2,1,6098.8,1,6097.4,0
2023-05-10 09:36:26,6098.6,518,6096.2,1,6097.2,1,6097.24,0
2023-05-10 09:36:26,6097.2,519,6096.4,2,6098.6,3,6097.16,0
2023-05-10 09:36:27,6097.2,519,6097.0,1,6098.6,3,6097.08,0
2023-05-10 09:36:27,6097.2,519,6097.0,1,6098.6,3,6097.0,0
2023-05-10 09:36:28,6097.2,519,6096.6,1,6098.6,3,6096.92,0
2023-05-10 09:36:28,6097.2,519,6096.6,1,6098.0,1,6096.84,0
2023-05-10 09:36:29,6097.2,519,6096.2,1,6097.8,1,6096.759999999999,0
2023-05-10 09:36:29,6097.2,519,6098.0,1,6098.6,3,6096.679999999999,0
2023-05-10 09:36:30,6098.0,520,6096.4,1,6097.0,1,6096.52,0
2023-05-10 09:36:30,6097.0,521,6096.6,3,6098.0,1,6096.46,0
2023-05-10 09:36:31,6097.0,521,6096.4,1,6096.6,2,6096.4,0
2023-05-10 09:36:31,6096.4,522,6095.2,1,6097.8,1,6096.4,0
2023-05-10 09:36:32,6096.4,522,6095.2,1,6097.2,1,6096.26,0
2023-05-10 09:36:32,6096.4,522,6096.6,1,6096.8,1,6096.12,0
2023-05-10 09:36:33,6096.4,524,6095.2,1,6096.4,1,6095.98,0
2023-05-10 09:36:33,6096.4,524,6095.4,5,6097.0,1,6095.959999999999,0
2023-05-10 09:36:34,6096.4,524,6096.8,1,6097.6,1,6095.9400000000005,0
2023-05-10 09:36:34,6096.4,524,6096.8,1,6097.8,1,6095.92,0
2023-05-10 09:36:35,6096.4,525,6096.4,1,6097.8,1,6095.9,0
2023-05-10 09:36:35,6096.4,526,6095.4,5,6097.6,1,6095.879999999999,0
2023-05-10 09:36:36,6096.4,526,6095.4,1,6097.2,1,6095.86,0
2023-05-10 09:36:36,6096.4,526,6095.8,1,6097.0,1,6095.84,0
2023-05-10 09:36:37,6095.0,529,6093.8,1,6096.6,1,6096.04,1
2023-05-10 09:36:37,6095.0,529,6094.4,1,6096.2,1,6096.26,1
2023-05-10 09:36:38,6095.0,529,6096.2,2,6096.8,1,6096.4800000000005,1
2023-05-10 09:36:38,6096.2,531,6094.6,1,6096.2,2,6096.58,1
2023-05-10 09:36:39,6096.2,533,6094.8,3,6096.6,1,6096.7,1
2023-05-10 09:36:39,6096.2,533,6095.0,3,6097.0,1,6096.82,1
2023-05-10 09:36:40,6096.2,533,6095.4,1,6097.4,1,6096.94,1
2023-05-10 09:36:40,6096.2,533,6096.2,1,6097.4,1,6097.06,1
2023-05-10 09:36:41,6096.2,533,6096.2,1,6097.2,1,6097.18,1
2023-05-10 09:36:41,6096.2,533,6096.2,1,6097.0,1,6097.28,1
2023-05-10 09:36:42,6097.0,536,6097.0,2,6097.2,1,6097.299999999999,1
2023-05-10 09:36:42,6097.2,537,6097.2,1,6098.0,1,6097.3,1
2023-05-10 09:36:43,6097.2,538,6097.2,1,6098.0,1,6097.3,1
2023-05-10 09:36:44,6097.2,538,6097.4,1,6098.0,1,6097.3,1
2023-05-10 09:36:45,6097.4,540,6097.2,1,6100.2,1,6097.28,0
2023-05-10 09:36:45,6097.4,540,6097.2,1,6098.2,1,6097.26,0
2023-05-10 09:36:46,6097.4,540,6097.2,1,6097.6,1,6097.24,0
2023-05-10 09:36:46,6097.4,540,6097.2,1,6098.0,1,6097.219999999999,0
2023-05-10 09:36:47,6097.4,540,6097.2,1,6098.0,1,6097.199999999999,0
2023-05-10 09:36:47,6097.2,541,6095.0,1,6097.6,2,6097.32,1
2023-05-10 09:36:48,6097.2,541,6095.4,2,6097.4,3,6097.4400000000005,1
2023-05-10 09:36:48,6097.2,542,6095.4,2,6097.4,3,6097.58,1
2023-05-10 09:36:49,6097.2,542,6095.4,1,6097.4,3,6097.86,1
2023-05-10 09:36:49,6097.2,542,6095.6,2,6097.2,1,6098.139999999999,1
2023-05-10 09:36:50,6097.2,542,6095.6,2,6097.4,3,6098.42,1
2023-05-10 09:36:50,6097.2,542,6095.8,1,6097.4,3,6098.64,1
2023-05-10 09:36:51,6097.2,542,6097.2,1,6097.4,2,6098.86,1
2023-05-10 09:36:51,6097.2,542,6097.2,1,6098.6,1,6099.08,1
2023-05-10 09:36:52,6097.2,544,6096.0,1,6098.6,1,6099.3,1
2023-05-10 09:36:52,6098.4,545,6096.4,1,6098.6,2,6099.4,1
2023-05-10 09:36:53,6098.4,545,6096.8,1,6098.6,1,6099.5,1
2023-05-10 09:36:53,6098.6,547,6097.0,1,6099.0,1,6099.56,1
2023-05-10 09:36:54,6100.0,549,6097.4,2,6100.2,1,6099.4,0
2023-05-10 09:36:54,6100.0,549,6097.8,1,6100.0,1,6099.2,0
2023-05-10 09:36:55,6100.0,550,6099.0,1,6102.0,1,6099.0,0
2023-05-10 09:36:55,6099.4,552,6099.2,2,6101.4,1,6098.82,0
2023-05-10 09:36:56,6099.4,552,6099.0,1,6100.6,1,6098.639999999999,0
2023-05-10 09:36:56,6099.4,552,6099.4,1,6100.2,1,6098.460000000001,0
2023-05-10 09:36:57,6099.4,553,6099.0,1,6100.0,1,6098.280000000001,0
2023-05-10 09:36:57,6099.4,553,6098.2,1,6100.2,1,6098.1,0
2023-05-10 09:36:58,6099.4,553,6098.4,1,6099.8,1,6097.719999999999,0
2023-05-10 09:36:58,6099.2,554,6098.4,1,6100.6,1,6097.360000000001,0
2023-05-10 09:36:59,6098.4,555,6098.2,1,6100.2,1,6097.08,0
2023-05-10 09:36:59,6098.0,556,6097.4,2,6098.0,1,6096.84,0
2023-05-10 09:37:00,6098.0,557,6097.6,2,6100.0,3,6096.6,0
2023-05-10 09:37:00,6097.6,560,6096.0,2,6099.2,1,6096.3,0
2023-05-10 09:37:01,6097.6,560,6096.2,2,6098.0,1,6096.000000000001,0
2023-05-10 09:37:01,6097.6,563,6095.4,1,6097.6,1,6095.700000000001,0
2023-05-10 09:37:02,6097.6,563,6095.6,1,6097.4,2,6095.34,0
2023-05-10 09:37:02,6097.6,563,6095.6,1,6097.2,2,6094.9800000000005,0
2023-05-10 09:37:03,6095.6,564,6094.0,3,6097.2,2,6094.960000000001,0
2023-05-10 09:37:03,6095.6,564,6094.4,3,6096.6,1,6094.94,0
2023-05-10 09:37:04,6095.6,564,6094.4,2,6096.4,2,6094.92,0
2023-05-10 09:37:04,6095.6,564,6094.6,1,6095.6,1,6094.9,0
2023-05-10 09:37:05,6095.6,564,6094.6,1,6096.4,1,6094.88,0
2023-05-10 09:37:05,6094.6,565,6094.0,2,6096.0,2,6094.959999999999,1
2023-05-10 09:37:06,6094.6,565,6094.0,2,6095.6,2,6095.219999999999,1
2023-05-10 09:37:06,6094.6,565,6094.0,2,6095.2,1,6095.48,1
2023-05-10 09:37:07,6094.0,566,6094.0,1,6095.2,1,6095.8,1
2023-05-10 09:37:07,6094.0,567,6092.6,2,6094.0,2,6096.179999999999,1
2023-05-10 09:37:08,6095.4,571,6094.0,1,6095.6,2,6096.42,1
2023-05-10 09:37:08,6095.4,571,6094.4,1,6097.2,1,6096.660000000001,1
2023-05-10 09:37:09,6095.4,571,6095.8,1,6096.8,1,6096.9,1
2023-05-10 09:37:09,6095.4,571,6094.6,2,6096.8,1,6097.06,1
2023-05-10 09:37:10,6095.4,571,6095.6,11,6097.0,1,6097.219999999999,1
2023-05-10 09:37:10,6095.4,571,6097.2,1,6098.2,2,6097.38,1
2023-05-10 09:37:11,6097.2,572,6095.8,1,6097.4,1,6097.36,1
2023-05-10 09:37:11,6097.2,572,6095.8,1,6097.4,1,6097.34,1
2023-05-10 09:37:12,6097.2,572,6096.0,2,6097.8,2,6097.24,1
2023-05-10 09:37:12,6097.8,574,6096.6,1,6098.2,3,6097.08,0
2023-05-10 09:37:13,6097.8,574,6096.8,1,6098.0,2,6096.86,0
2023-05-10 09:37:13,6097.8,574,6097.0,1,6098.0,2,6096.64,0
2023-05-10 09:37:14,6097.8,574,6097.0,1,6098.0,2,6096.42,0
2023-05-10 09:37:14,6097.0,575,6096.0,1,6098.0,2,6096.280000000001,0
2023-05-10 09:37:15,6097.0,575,6096.2,2,6097.8,1,6096.14,0
2023-05-10 09:37:15,6097.0,575,6096.2,2,6097.8,1,6096.0,0
2023-05-10 09:37:16,6097.0,575,6096.2,2,6097.4,1,6095.860000000001,0
2023-05-10 09:37:16,6097.0,575,6096.2,1,6097.4,1,6095.72,0
2023-05-10 09:37:17,6096.2,576,6095.6,11,6097.2,1,6095.780000000001,0
2023-05-10 09:37:17,6096.2,576,6095.6,11,6097.0,1,6095.84,0
2023-05-10 09:37:18,6095.6,578,6095.6,8,6096.8,1,6095.960000000001,1
2023-05-10 09:37:18,6095.6,578,6095.6,8,6096.4,1,6095.960000000001,1
2023-05-10 09:37:19,6095.6,578,6096.2,1,6096.4,1,6095.96,1
2023-05-10 09:37:19,6095.6,578,6096.2,1,6096.8,1,6096.04,1
2023-05-10 09:37:20,6095.6,580,6095.6,7,6097.2,1,6096.08,1
2023-05-10 09:37:20,6095.6,580,6095.6,7,6097.8,1,6096.08,1
2023-05-10 09:37:21,6095.6,580,6095.8,3,6097.6,1,6096.08,1
2023-05-10 09:37:21,6095.6,580,6096.8,2,6097.6,1,6096.08,1
2023-05-10 09:37:22,6096.8,582,6095.8,1,6097.4,1,6095.96,0
2023-05-10 09:37:22,6096.8,582,6095.6,7,6096.8,1,6095.84,0
2023-05-10 09:37:23,6096.8,582,6095.6,7,6096.4,2,6095.719999999999,0
2023-05-10 09:37:23,6095.6,583,6095.6,6,6096.4,2,6095.72,1
2023-05-10 09:37:24,6095.6,583,6095.6,6,6096.4,1,6095.72,1
2023-05-10 09:37:24,6096.4,584,6095.6,6,6096.0,1,6095.64,0
2023-05-10 09:37:25,6096.0,585,6095.6,6,6096.6,1,6095.6,0
2023-05-10 09:37:25,6095.6,589,6095.6,2,6096.6,1,6095.6,0
2023-05-10 09:37:26,6095.6,591,6094.2,1,6096.4,1,6095.6,0
2023-05-10 09:37:26,6095.6,591,6094.4,3,6096.2,2,6095.6,0
2023-05-10 09:37:27,6095.6,591,6094.6,3,6096.2,1,6095.6,0
2023-05-10 09:37:27,6095.6,591,6094.8,1,6096.4,1,6095.52,0
2023-05-10 09:37:28,6095.6,591,6095.2,1,6096.6,1,6095.4400000000005,0
2023-05-10 09:37:28,6095.6,591,6095.2,1,6096.8,1,6095.36,0
2023-05-10 09:37:29,6095.6,591,6095.6,1,6097.0,1,6095.22,0
2023-05-10 09:37:29,6095.6,591,6095.6,1,6097.0,1,6095.22,0
2023-05-10 09:37:30,6095.6,592,6094.8,1,6097.0,1,6095.02,0
2023-05-10 09:37:30,6095.6,592,6095.0,1,6096.8,2,6094.82,0
2023-05-10 09:37:31,6095.6,592,6095.0,1,6096.6,1,6094.620000000001,0
2023-05-10 09:37:31,6095.6,592,6094.8,1,6096.6,1,6094.6,0
2023-05-10 09:37:32,6095.6,592,6094.8,1,6096.2,1,6094.58,0
2023-05-10 09:37:32,6094.8,593,6094.2,1,6095.8,1,6094.4800000000005,0
2023-05-10 09:37:33,6094.8,593,6094.2,1,6095.6,2,6094.38,0
2023-05-10 09:37:33,6094.8,593,6094.2,1,6095.4,1,6094.280000000001,0
2023-05-10 09:37:34,6094.2,594,6092.6,2,6094.2,1,6094.24,1
2023-05-10 09:37:34,6095.6,596,6095.8,1,6096.4,2,6094.06,0
2023-05-10 09:37:35,6093.6,598,6093.4,1,6095.8,2,6094.08,1
2023-05-10 09:37:35,6093.6,598,6094.0,1,6096.0,1,6094.1,1
2023-05-10 09:37:36,6093.6,598,6094.2,1,6095.6,1,6094.12,1
2023-05-10 09:37:36,6095.4,599,6093.6,1,6095.6,2,6093.960000000001,0
2023-05-10 09:37:37,6095.4,599,6093.8,1,6095.4,1,6093.8,0
2023-05-10 09:37:37,6093.8,600,6093.4,1,6095.4,1,6093.82,1
2023-05-10 09:37:38,6093.8,600,6093.8,1,6095.2,1,6093.839999999999,1
2023-05-10 09:37:38,6093.8,600,6093.4,1,6095.6,1,6093.860000000001,1
2023-05-10 09:37:39,6093.8,600,6093.6,1,6095.4,2,6093.88,1
2023-05-10 09:37:39,6093.8,600,6093.6,1,6095.2,1,6093.88,1
2023-05-10 09:37:40,6093.8,600,6093.8,1,6095.2,1,6093.88,1
2023-05-10 09:37:40,6093.8,600,6094.0,1,6095.2,1,6093.839999999999,1
2023-05-10 09:37:41,6093.8,600,6094.0,2,6095.2,1,6093.8,0
2023-05-10 09:37:41,6093.8,600,6094.0,2,6095.0,1,6093.76,0
2023-05-10 09:37:42,6093.8,600,6094.0,1,6094.8,1,6093.72,0
2023-05-10 09:37:42,6094.0,601,6092.6,2,6094.0,1,6093.659999999999,0
2023-05-10 09:37:43,6094.0,601,6093.0,2,6094.8,1,6093.599999999999,0
2023-05-10 09:37:43,6094.0,601,6093.2,1,6095.0,1,6093.7,0
2023-05-10 09:37:44,6094.0,601,6093.4,1,6094.8,1,6093.6,0
2023-05-10 09:37:44,6093.8,602,6093.4,1,6095.0,1,6093.52,0
2023-05-10 09:37:45,6093.8,602,6093.6,1,6095.0,1,6093.44,0
2023-05-10 09:37:45,6093.4,603,6094.0,1,6095.0,1,6093.4,0
2023-05-10 09:37:46,6093.4,603,6093.2,1,6095.0,1,6093.36,0
2023-05-10 09:37:46,6093.4,603,6093.6,1,6095.0,1,6093.32,0
2023-05-10 09:37:47,6093.4,603,6093.2,1,6095.0,1,6093.28,0
2023-05-10 09:37:48,6093.4,603,6093.0,3,6095.0,1,6093.2,0
2023-05-10 09:37:49,6093.4,603,6093.0,3,6095.0,1,6093.120000000001,0
2023-05-10 09:37:50,6095.0,604,6093.0,3,6094.8,1,6092.88,0
2023-05-10 09:37:51,6093.0,606,6093.0,1,6094.6,2,6092.84,0
2023-05-10 09:37:51,6093.0,606,6093.0,1,6094.2,1,6092.8,0
2023-05-10 09:37:52,6093.0,606,6092.6,2,6094.2,1,6092.76,0
2023-05-10 09:37:52,6093.0,606,6092.6,2,6093.6,1,6092.72,0
2023-05-10 09:37:53,6093.0,606,6092.6,2,6093.4,2,6092.72,0
2023-05-10 09:37:53,6093.0,606,6092.6,2,6093.4,2,6092.780000000001,0
2023-05-10 09:37:54,6093.0,606,6092.6,2,6093.4,2,6092.840000000001,0
2023-05-10 09:37:54,6092.6,607,6092.6,1,6093.4,2,6092.9400000000005,1
2023-05-10 09:37:55,6092.6,607,6092.6,1,6093.4,2,6092.9800000000005,1
2023-05-10 09:37:55,6092.6,607,6092.6,1,6093.4,2,6093.02,1
2023-05-10 09:37:57,6092.6,610,6091.0,1,6092.6,2,6093.2,1
2023-05-10 09:37:57,6092.6,614,6091.8,2,6094.0,1,6093.379999999999,1
2023-05-10 09:37:58,6092.6,614,6092.6,2,6094.0,1,6093.56,1
2023-05-10 09:37:58,6092.6,614,6093.0,1,6094.0,1,6093.74,1
2023-05-10 09:37:59,6093.0,615,6093.0,1,6094.0,1,6093.88,1
2023-05-10 09:37:59,6093.6,616,6093.0,1,6093.8,1,6093.96,1
2023-05-10 09:38:00,6093.6,616,6093.0,1,6094.0,1,6094.04,1
2023-05-10 09:38:00,6093.6,616,6093.0,1,6094.0,1,6094.12,1
2023-05-10 09:38:01,6093.0,617,6092.6,3,6094.0,1,6094.259999999999,1
2023-05-10 09:38:01,6093.0,617,6092.8,2,6094.0,1,6094.44,1
2023-05-10 09:38:02,6094.4,619,6092.8,1,6094.8,1,6094.4800000000005,1
2023-05-10 09:38:02,6094.4,619,6092.8,1,6094.4,1,6094.52,1
2023-05-10 09:38:03,6094.4,619,6094.4,1,6094.6,2,6094.56,1
2023-05-10 09:38:03,6094.4,620,6092.8,1,6094.4,1,6094.6,1
2023-05-10 09:38:04,6094.4,620,6093.0,2,6094.6,2,6094.64,1
2023-05-10 09:38:05,6094.4,620,6093.2,3,6094.8,1,6094.68,1
2023-05-10 09:38:06,6094.4,620,6093.2,3,6094.8,1,6094.719999999999,1
2023-05-10 09:38:06,6094.4,620,6093.2,3,6094.8,1,6094.780000000001,1
2023-05-10 09:38:07,6094.4,620,6094.6,2,6094.8,1,6094.840000000001,1
2023-05-10 09:38:07,6094.8,624,6093.4,1,6096.6,1,6094.860000000001,1
2023-05-10 09:38:08,6094.8,624,6093.4,1,6095.8,1,6094.88,1
2023-05-10 09:38:08,6094.8,624,6093.4,1,6095.4,1,6094.9,1
2023-05-10 09:38:09,6094.8,624,6093.2,3,6095.0,3,6094.92,1
2023-05-10 09:38:09,6094.8,624,6093.4,2,6094.0,1,6094.94,1
2023-05-10 09:38:10,6094.8,624,6094.0,1,6095.0,2,6094.960000000001,1
2023-05-10 09:38:10,6094.8,624,6093.2,2,6094.8,2,6095.16,1
2023-05-10 09:38:11,6094.8,626,6093.4,2,6095.0,2,6095.360000000001,1
2023-05-10 09:38:11,6095.0,628,6093.8,2,6095.6,2,6095.54,1
2023-05-10 09:38:12,6095.0,628,6094.2,1,6096.4,2,6095.719999999999,1
2023-05-10 09:38:12,6095.0,628,6094.8,1,6096.2,1,6095.9,1
2023-05-10 09:38:13,6095.0,628,6095.0,1,6096.4,1,6096.08,1
2023-05-10 09:38:13,6095.0,628,6095.2,1,6097.0,1,6096.26,1
2023-05-10 09:38:14,6095.0,628,6095.6,1,6097.0,1,6096.4400000000005,1
2023-05-10 09:38:14,6095.0,628,6095.0,1,6097.0,1,6096.620000000001,1
2023-05-10 09:38:15,6095.0,628,6095.2,1,6096.8,2,6096.8,1
2023-05-10 09:38:15,6096.8,629,6095.4,1,6096.8,1,6096.8,0
2023-05-10 09:38:16,6096.8,630,6095.4,1,6097.0,1,6096.8,0
2023-05-10 09:38:16,6096.8,630,6095.6,1,6097.0,1,6096.800000000001,1
2023-05-10 09:38:17,6096.8,630,6096.8,5,6097.0,1,6096.8,0
2023-05-10 09:38:17,6096.8,635,6095.6,1,6097.0,1,6096.8,0
2023-05-10 09:38:18,6096.8,635,6095.8,1,6096.8,1,6096.8,0
2023-05-10 09:38:18,6096.8,635,6094.8,1,6096.8,1,6096.8,0
2023-05-10 09:38:19,6096.8,635,6095.0,3,6096.6,1,6096.8,0
2023-05-10 09:38:19,6096.8,635,6095.0,2,6096.4,1,6096.8,0
2023-05-10 09:38:20,6096.8,635,6095.0,1,6096.4,1,6096.74,0
2023-05-10 09:38:21,6096.8,635,6094.4,1,6096.4,1,6096.7,0
2023-05-10 09:38:21,6096.8,635,6094.6,2,6096.2,3,6096.68,0
2023-05-10 09:38:22,6096.8,635,6092.8,1,6095.8,1,6096.66,0
2023-05-10 09:38:22,6096.8,635,6093.8,1,6095.8,1,6096.68,0
2023-05-10 09:38:23,6096.8,635,6094.0,2,6095.8,1,6096.7,0
2023-05-10 09:38:23,6096.8,635,6094.2,1,6095.8,1,6096.719999999999,0
2023-05-10 09:38:24,6096.8,635,6094.0,1,6095.6,1,6096.74,0
2023-05-10 09:38:24,6096.8,635,6094.2,2,6095.6,1,6096.76,0
2023-05-10 09:38:25,6096.8,635,6094.2,2,6096.2,2,6096.780000000001,0
2023-05-10 09:38:25,6096.2,637,6094.2,2,6096.2,1,6096.86,1
2023-05-10 09:38:26,6096.4,639,6094.6,1,6096.6,1,6096.92,1
2023-05-10 09:38:26,6096.6,640,6094.8,4,6097.0,1,6096.96,1
2023-05-10 09:38:27,6096.6,640,6095.8,1,6097.0,1,6097.0,1
2023-05-10 09:38:27,6097.0,641,6096.0,5,6097.8,1,6097.0,0
2023-05-10 09:38:28,6097.0,641,6096.2,2,6098.2,1,6097.0,0
2023-05-10 09:38:28,6097.0,641,6096.4,2,6098.2,1,6097.0,0
2023-05-10 09:38:29,6097.0,641,6096.4,1,6098.0,2,6097.0,0
2023-05-10 09:38:29,6097.0,641,6096.2,2,6097.8,1,6097.0,0
2023-05-10 09:38:30,6097.0,641,6096.2,1,6097.8,1,6096.9,0
2023-05-10 09:38:30,6097.0,641,6096.0,1,6097.4,1,6096.8,0
2023-05-10 09:38:31,6097.0,641,6095.2,1,6097.2,1,6096.64,0
2023-05-10 09:38:31,6097.0,641,6095.4,2,6096.8,1,6096.4800000000005,0
2023-05-10 09:38:32,6097.0,641,6095.4,2,6096.8,1,6096.32,0
2023-05-10 09:38:32,6097.0,641,6095.6,1,6097.2,1,6096.16,0
2023-05-10 09:38:33,6097.0,641,6095.6,1,6097.2,1,6096.0,0
2023-05-10 09:38:34,6097.0,641,6095.6,1,6097.0,1,6095.839999999999,0
2023-05-10 09:38:36,6097.0,641,6096.0,1,6097.2,1,6095.679999999999,0
2023-05-10 09:38:36,6097.0,641,6095.6,1,6096.0,1,6095.52,0
2023-05-10 09:38:37,6096.0,642,6095.4,2,6097.8,1,6095.379999999999,0
2023-05-10 09:38:37,6096.0,642,6094.8,1,6095.4,2,6095.24,0
2023-05-10 09:38:38,6095.4,644,6095.0,1,6097.4,1,6095.16,0
2023-05-10 09:38:38,6095.4,644,6092.6,1,6097.0,1,6095.08,0
2023-05-10 09:38:39,6095.4,644,6094.4,1,6096.8,1,6095.0,0
2023-05-10 09:38:39,6095.4,644,6094.6,1,6096.6,1,6094.92,0
2023-05-10 09:38:40,6095.4,644,6094.8,1,6096.4,1,6094.84,0
2023-05-10 09:38:40,6095.4,644,6094.6,1,6096.0,1,6094.7,0
2023-05-10 09:38:41,6095.4,644,6093.6,3,6094.6,1,6094.56,0
2023-05-10 09:38:41,6095.4,644,6094.0,1,6094.6,1,6094.42,0
2023-05-10 09:38:42,6094.6,645,6093.8,2,6096.4,1,6094.360000000001,0
2023-05-10 09:38:42,6094.6,645,6094.0,1,6096.0,1,6094.3,0
2023-05-10 09:38:43,6094.6,645,6093.8,1,6095.8,1,6094.24,0
2023-05-10 09:38:43,6094.6,645,6093.8,1,6095.8,1,6094.18,0
2023-05-10 09:38:44,6094.6,645,6094.0,1,6095.8,1,6094.120000000001,0
2023-05-10 09:38:44,6094.6,645,6093.8,1,6095.8,1,6094.06,0
2023-05-10 09:38:45,6094.6,645,6093.8,1,6095.6,1,6094.0,0
2023-05-10 09:38:47,6094.0,646,6093.8,1,6095.8,1,6094.0,0
2023-05-10 09:38:49,6094.0,646,6094.0,1,6095.8,1,6094.0,0
2023-05-10 09:38:49,6094.0,646,6094.2,2,6096.2,1,6094.26,1
2023-05-10 09:38:50,6094.0,646,6094.4,1,6096.2,1,6094.52,1
2023-05-10 09:38:51,6094.0,646,6094.2,2,6096.2,1,6094.780000000001,1
2023-05-10 09:38:51,6094.0,646,6094.4,1,6096.2,1,6095.04,1
2023-05-10 09:38:52,6094.0,646,6094.6,1,6097.4,1,6095.3,1
2023-05-10 09:38:52,6094.0,646,6094.8,2,6097.2,3,6095.56,1
2023-05-10 09:38:53,6094.0,646,6094.8,1,6096.8,1,6095.82,1
2023-05-10 09:38:53,6094.0,646,6094.8,1,6096.6,1,6096.08,1
2023-05-10 09:38:54,6094.0,646,6094.6,1,6096.4,1,6096.38,1
2023-05-10 09:38:54,6094.0,646,6094.6,1,6094.8,1,6096.68,1
2023-05-10 09:38:55,6096.6,649,6096.6,3,6097.4,1,6096.72,1
2023-05-10 09:38:55,6096.6,652,6094.2,1,6097.0,1,6096.76,1
2023-05-10 09:38:56,6096.6,652,6094.6,2,6097.2,7,6096.8,1
2023-05-10 09:38:56,6096.6,652,6094.8,2,6097.0,1,6096.84,1
2023-05-10 09:38:57,6096.6,652,6095.0,1,6097.0,1,6096.88,1
2023-05-10 09:38:57,6096.6,652,6094.8,1,6096.8,1,6096.74,1
2023-05-10 09:38:58,6096.6,652,6095.2,1,6097.0,1,6096.6,0
2023-05-10 09:38:59,6096.6,652,6095.2,1,6097.0,1,6096.46,0
2023-05-10 09:38:59,6097.0,653,6095.2,1,6097.2,7,6096.339999999999,0
2023-05-10 09:39:00,6097.0,653,6095.2,2,6097.2,7,6096.219999999999,0
2023-05-10 09:39:02,6097.0,653,6095.2,2,6097.2,7,6096.1,0
2023-05-10 09:39:03,6097.0,653,6095.6,1,6097.2,7,6096.0,0
2023-05-10 09:39:04,6097.0,653,6095.2,2,6097.2,8,6095.9,0
2023-05-10 09:39:04,6097.0,653,6095.2,2,6097.2,8,6095.8,0
2023-05-10 09:39:05,6097.0,653,6095.2,2,6096.6,1,6095.7,0
2023-05-10 09:39:05,6095.2,654,6094.4,4,6096.4,1,6095.780000000001,1
2023-05-10 09:39:06,6095.2,654,6094.4,2,6096.2,1,6095.860000000001,1
2023-05-10 09:39:06,6095.2,654,6094.2,1,6096.2,1,6096.04,1
2023-05-10 09:39:07,6095.8,655,6094.0,1,6096.0,4,6096.18,1
2023-05-10 09:39:07,6095.8,655,6094.0,1,6096.0,4,6096.32,1
2023-05-10 09:39:08,6095.8,655,6094.4,2,6096.0,2,6096.56,1
2023-05-10 09:39:08,6096.0,656,6094.6,1,6097.0,2,6096.9,1
2023-05-10 09:39:09,6096.0,656,6095.0,1,6097.0,3,6097.24,1
2023-05-10 09:39:09,6096.0,656,6095.2,2,6097.0,2,6097.58,1
2023-05-10 09:39:10,6096.0,656,6095.6,1,6097.0,2,6097.92,1
2023-05-10 09:39:12,6096.0,656,6096.0,1,6097.0,2,6098.26,1
2023-05-10 09:39:12,6096.0,656,6095.6,1,6097.0,2,6098.599999999999,1
2023-05-10 09:39:13,6097.0,658,6096.0,1,6097.2,1,6098.839999999999,1
2023-05-10 09:39:13,6097.2,659,6096.2,1,6098.2,1,6099.06,1
2023-05-10 09:39:14,6097.2,659,6096.6,1,6098.2,1,6099.28,1
2023-05-10 09:39:14,6098.2,660,6096.8,3,6099.4,1,6099.32,1
2023-05-10 09:39:15,6099.4,661,6097.2,1,6099.4,1,6099.24,0
2023-05-10 09:39:15,6099.4,661,6097.2,1,6099.4,1,6099.04,0
2023-05-10 09:39:16,6099.4,661,6097.6,1,6099.4,1,6098.84,0
2023-05-10 09:39:16,6099.4,661,6097.2,1,6099.4,1,6098.639999999999,0
2023-05-10 09:39:17,6099.4,661,6097.2,1,6099.2,3,6098.44,0
2023-05-10 09:39:17,6099.4,661,6097.4,1,6099.2,2,6098.24,0
2023-05-10 09:39:18,6099.4,661,6097.4,1,6098.6,1,6098.04,0
2023-05-10 09:39:18,6099.4,661,6097.4,1,6098.6,1,6098.0,0
2023-05-10 09:39:19,6099.4,661,6097.6,1,6098.6,1,6097.96,0
2023-05-10 09:39:19,6098.6,662,6097.6,1,6099.2,1,6098.0,0
2023-05-10 09:39:20,6098.6,662,6096.8,3,6097.4,1,6098.04,0
2023-05-10 09:39:20,6097.4,663,6097.4,1,6099.2,1,6098.28,1
2023-05-10 09:39:21,6097.4,663,6097.0,1,6099.0,1,6098.52,1
2023-05-10 09:39:21,6097.4,663,6097.2,2,6099.2,3,6098.76,1
2023-05-10 09:39:22,6097.4,663,6097.2,2,6099.0,1,6099.0,1
2023-05-10 09:39:22,6097.4,663,6097.2,2,6099.0,1,6099.24,1
2023-05-10 09:39:23,6097.4,663,6097.2,2,6099.0,1,6099.48,1
2023-05-10 09:39:23,6099.0,664,6097.2,2,6099.8,1,6099.56,1
2023-05-10 09:39:24,6099.0,664,6097.2,2,6099.8,1,6099.64,1
2023-05-10 09:39:24,6099.0,664,6097.2,2,6099.8,1,6099.719999999999,1
2023-05-10 09:39:25,6099.0,664,6098.6,1,6099.8,1,6099.8,1
2023-05-10 09:39:25,6099.8,665,6099.0,1,6102.0,1,6099.8,0
2023-05-10 09:39:26,6099.8,665,6099.2,2,6101.6,2,6099.8,0
2023-05-10 09:39:26,6099.8,665,6099.2,2,6101.6,2,6099.8,0
2023-05-10 09:39:27,6099.8,665,6099.4,1,6101.6,2,6099.8,0
2023-05-10 09:39:27,6099.8,665,6099.6,2,6101.6,2,6099.8,0
2023-05-10 09:39:28,6099.8,665,6099.8,1,6101.6,2,6099.800000000001,1
2023-05-10 09:39:28,6099.8,665,6099.6,1,6101.6,2,6099.8,0
2023-05-10 09:39:29,6099.8,665,6099.8,1,6101.6,1,6099.8,0
2023-05-10 09:39:29,6099.8,665,6100.0,4,6101.8,2,6099.8,0
2023-05-10 09:39:30,6099.8,665,6100.4,1,6101.8,2,6099.8,0
2023-05-10 09:39:30,6099.8,665,6100.0,5,6101.8,1,6099.8,0
2023-05-10 09:39:31,6099.8,665,6100.0,5,6101.8,1,6099.8,0
2023-05-10 09:39:31,6099.8,665,6100.0,5,6101.8,1,6099.8,0
2023-05-10 09:39:32,6099.8,665,6100.2,1,6101.8,1,6099.800000000001,1
2023-05-10 09:39:32,6099.8,665,6100.0,5,6101.6,1,6099.8,0
2023-05-10 09:39:33,6099.8,665,6100.0,3,6101.8,1,6099.8,0
2023-05-10 09:39:34,6099.8,667,6099.6,1,6101.2,1,6099.8,0
2023-05-10 09:39:34,6099.8,667,6097.6,1,6100.8,2,6099.8,0
2023-05-10 09:39:35,6099.8,667,6098.0,2,6100.6,3,6099.8,0
2023-05-10 09:39:35,6099.8,667,6098.2,1,6100.4,1,6099.8,0
2023-05-10 09:39:36,6099.8,667,6098.4,2,6099.8,1,6099.8,0
2023-05-10 09:39:36,6099.8,667,6098.4,2,6099.8,1,6099.800000000001,1
2023-05-10 09:39:37,6099.8,667,6098.4,1,6099.8,1,6099.8,0
2023-05-10 09:39:38,6099.8,667,6098.2,1,6099.8,1,6099.74,0
2023-05-10 09:39:38,6099.8,667,6098.6,1,6099.8,1,6099.68,0
2023-05-10 09:39:39,6099.8,667,6098.8,1,6099.8,1,6099.62,0
2023-05-10 09:39:40,6099.8,667,6098.4,1,6099.8,1,6099.56,0
2023-05-10 09:39:41,6099.8,667,6098.2,1,6099.8,2,6099.5,0
2023-05-10 09:39:42,6099.8,667,6098.4,1,6099.8,3,6099.44,0
2023-05-10 09:39:42,6099.8,667,6098.4,1,6099.8,3,6099.42,0
2023-05-10 09:39:43,6099.8,668,6098.6,1,6099.8,2,6099.4,0
2023-05-10 09:39:43,6099.8,668,6098.8,1,6099.8,2,6099.3,0
2023-05-10 09:39:44,6099.8,669,6099.2,1,6099.8,1,6099.2,0
2023-05-10 09:39:44,6099.2,670,6098.8,1,6100.8,1,6099.16,0
2023-05-10 09:39:45,6099.2,670,6098.8,1,6100.6,2,6099.12,0
2023-05-10 09:39:45,6099.2,670,6099.0,1,6100.4,1,6099.08,0
2023-05-10 09:39:46,6099.2,670,6099.0,1,6099.6,1,6099.04,0
2023-05-10 09:39:47,6099.2,672,6098.8,1,6099.6,1,6099.0,0
2023-05-10 09:39:48,6099.2,672,6098.4,1,6099.6,1,6098.960000000001,0
2023-05-10 09:39:49,6099.6,673,6098.4,1,6100.6,2,6098.88,0
2023-05-10 09:39:49,6099.6,673,6098.4,1,6098.8,1,6098.8,0
2023-05-10 09:39:50,6098.8,674,6098.8,1,6099.6,1,6098.8,0
2023-05-10 09:39:50,6098.8,674,6098.8,1,6099.6,1,6098.8,0
2023-05-10 09:39:51,6098.8,674,6098.8,1,6099.6,1,6098.8,0
2023-05-10 09:39:52,6098.8,674,6098.4,1,6099.6,1,6098.8,0
2023-05-10 09:39:52,6098.8,675,6096.0,1,6099.2,1,6098.8,0
2023-05-10 09:39:53,6098.8,675,6097.6,1,6098.8,1,6098.8,0
2023-05-10 09:39:53,6098.8,675,6096.6,1,6098.6,1,6098.800000000001,1
2023-05-10 09:39:54,6098.8,675,6097.2,1,6098.6,1,6098.8,0
2023-05-10 09:39:54,6098.8,675,6097.6,1,6099.6,1,6098.8,0
2023-05-10 09:39:55,6098.8,675,6098.4,1,6099.6,1,6098.8,0
2023-05-10 09:39:55,6098.8,675,6098.8,1,6099.6,1,6098.8,0
2023-05-10 09:39:56,6098.8,675,6097.8,1,6099.6,1,6098.78,0
2023-05-10 09:39:56,6098.8,675,6098.2,2,6099.6,1,6098.76,0
2023-05-10 09:39:57,6098.8,675,6097.8,1,6099.2,1,6098.74,0
2023-05-10 09:39:57,6098.8,675,6096.8,1,6099.0,1,6098.72,0
2023-05-10 09:39:58,6098.8,675,6097.0,3,6098.6,2,6098.7,0
2023-05-10 09:39:58,6098.8,675,6097.2,2,6098.6,1,6098.68,0
2023-05-10 09:39:59,6098.8,675,6098.6,1,6099.6,1,6098.500000000001,0
2023-05-10 09:40:00,6098.8,675,6098.6,1,6099.6,1,6098.320000000001,0
2023-05-10 09:40:00,6098.8,675,6098.6,1,6099.4,1,6098.140000000001,0
2023-05-10 09:40:01,6098.8,675,6098.6,1,6099.6,1,6097.960000000001,0
2023-05-10 09:40:02,6098.6,676,6097.2,2,6099.4,1,6097.800000000001,0
2023-05-10 09:40:02,6098.6,676,6097.8,1,6099.2,1,6097.64,0
2023-05-10 09:40:03,6098.6,676,6097.8,1,6099.0,2,6097.4800000000005,0
2023-05-10 09:40:03,6098.6,676,6097.2,2,6098.8,1,6097.320000000001,0
2023-05-10 09:40:04,6098.6,676,6097.0,5,6098.6,2,6097.18,0
2023-05-10 09:40:04,6098.6,676,6097.0,3,6098.4,1,6097.0,0
2023-05-10 09:40:05,6097.0,679,6096.2,1,6098.2,2,6096.98,0
2023-05-10 09:40:05,6097.0,679,6094.6,1,6097.8,4,6096.96,0
2023-05-10 09:40:06,6097.0,679,6094.8,6,6097.6,4,6096.94,0
2023-05-10 09:40:06,6097.0,679,6095.0,3,6097.4,1,6096.92,0
2023-05-10 09:40:07,6097.0,679,6095.2,2,6097.0,1,6096.9,0
2023-05-10 09:40:07,6097.0,679,6095.6,1,6096.8,3,6096.879999999999,0
2023-05-10 09:40:08,6097.0,679,6095.6,1,6096.8,3,6096.86,0
2023-05-10 09:40:08,6097.0,679,6095.2,2,6096.8,3,6096.84,0
2023-05-10 09:40:09,6097.2,684,6096.8,1,6097.8,2,6096.8,0
2023-05-10 09:40:09,6096.8,685,6095.2,2,6096.8,2,6096.9400000000005,1
2023-05-10 09:40:10,6096.8,685,6095.6,1,6096.8,1,6097.08,1
2023-05-10 09:40:10,6096.8,686,6096.0,1,6099.0,1,6097.219999999999,1
2023-05-10 09:40:11,6096.8,686,6096.2,2,6098.4,1,6097.4,1
2023-05-10 09:40:11,6096.8,686,6096.4,1,6098.4,1,6097.58,1
2023-05-10 09:40:12,6096.8,686,6096.4,1,6098.0,1,6097.76,1
2023-05-10 09:40:12,6096.8,686,6096.6,1,6098.4,1,6097.9400000000005,1
2023-05-10 09:40:13,6096.8,687,6096.8,1,6098.2,2,6098.120000000001,1
2023-05-10 09:40:13,6096.8,687,6097.0,1,6098.2,2,6098.3,1
2023-05-10 09:40:14,6096.8,687,6097.2,3,6098.2,2,6098.4800000000005,1
2023-05-10 09:40:14,6098.2,689,6097.2,2,6099.6,1,6098.52,1
2023-05-10 09:40:15,6098.2,689,6097.2,2,6099.2,1,6098.56,1
2023-05-10 09:40:16,6098.2,689,6096.8,1,6099.0,2,6098.6,1
2023-05-10 09:40:17,6098.6,690,6096.2,3,6099.0,2,6098.6,0
2023-05-10 09:40:17,6098.6,690,6096.6,1,6099.0,2,6098.6,0
2023-05-10 09:40:18,6098.6,690,6097.2,1,6098.6,2,6098.6,0
2023-05-10 09:40:18,6098.6,690,6096.4,2,6098.4,1,6098.6,0
2023-05-10 09:40:19,6098.6,690,6096.4,1,6098.2,1,6098.6,0
2023-05-10 09:40:19,6098.6,690,6096.2,1,6097.6,1,6098.6,0
2023-05-10 09:40:20,6098.6,690,6096.6,2,6098.4,1,6098.6,0
2023-05-10 09:40:21,6098.6,690,6096.6,2,6098.2,1,6098.6,0
2023-05-10 09:40:21,6098.6,690,6096.6,2,6097.8,1,6098.6,0
2023-05-10 09:40:22,6098.6,690,6096.6,2,6098.2,1,6098.6,0
2023-05-10 09:40:22,6098.6,690,6096.6,2,6098.4,1,6098.6,0
2023-05-10 09:40:23,6098.6,690,6096.8,1,6098.4,1,6098.6,0
2023-05-10 09:40:24,6098.6,690,6096.8,1,6098.6,1,6098.4,0
2023-05-10 09:40:26,6098.6,690,6096.6,2,6099.0,1,6098.2,0
2023-05-10 09:40:26,6098.6,690,6096.8,1,6098.8,2,6097.9800000000005,0
2023-05-10 09:40:27,6098.6,690,6096.8,1,6098.8,1,6097.76,0
2023-05-10 09:40:27,6098.6,690,6097.0,1,6099.0,1,6097.54,0
2023-05-10 09:40:28,6098.6,690,6097.2,2,6099.2,2,6097.32,0
2023-05-10 09:40:28,6098.6,690,6097.6,1,6099.4,1,6097.1,0
2023-05-10 09:40:29,6098.6,690,6098.0,1,6099.4,1,6096.88,0
2023-05-10 09:40:30,6098.6,690,6097.2,2,6099.4,1,6096.66,0
2023-05-10 09:40:30,6098.6,690,6097.2,2,6099.2,2,6096.44,0
2023-05-10 09:40:31,6096.6,692,6096.2,1,6098.2,2,6096.42,0
2023-05-10 09:40:31,6096.6,692,6096.2,1,6098.0,2,6096.4,0
2023-05-10 09:40:32,6096.4,693,6095.8,1,6098.0,2,6096.4,0
2023-05-10 09:40:32,6096.4,693,6095.8,1,6097.6,1,6096.4,0
2023-05-10 09:40:33,6096.4,693,6095.4,1,6097.2,1,6096.4,0
2023-05-10 09:40:33,6096.4,693,6095.6,2,6097.6,2,6096.4,0
2023-05-10 09:40:34,6096.4,693,6095.8,2,6097.8,1,6096.56,1
2023-05-10 09:40:34,6096.4,693,6096.0,2,6098.2,2,6096.719999999999,1
2023-05-10 09:40:35,6096.4,693,6096.2,1,6098.0,2,6096.879999999999,1
2023-05-10 09:40:35,6096.4,693,6096.2,1,6098.0,2,6097.04,1
2023-05-10 09:40:36,6096.4,693,6096.4,1,6098.2,2,6097.2,1
2023-05-10 09:40:37,6096.4,693,6096.4,1,6098.2,2,6097.36,1
2023-05-10 09:40:37,6096.4,693,6096.4,1,6098.2,2,6097.52,1
2023-05-10 09:40:38,6096.4,693,6096.2,1,6098.0,4,6097.68,1
2023-05-10 09:40:38,6096.4,693,6096.0,1,6098.0,3,6097.84,1
2023-05-10 09:40:39,6096.4,693,6096.4,1,6098.0,1,6098.0,1
2023-05-10 09:40:39,6098.0,694,6096.6,1,6099.4,1,6098.0,0
2023-05-10 09:40:40,6098.0,694,6097.0,1,6099.4,1,6098.0,0
2023-05-10 09:40:40,6098.0,694,6097.4,1,6099.4,1,6098.0,0
2023-05-10 09:40:41,6098.0,694,6097.2,2,6099.2,2,6097.96,0
2023-05-10 09:40:41,6098.0,694,6097.4,1,6099.2,3,6097.92,0
2023-05-10 09:40:42,6098.0,694,6097.4,1,6099.2,3,6097.88,0
2023-05-10 09:40:42,6098.0,694,6097.4,1,6099.0,1,6097.84,0
2023-05-10 09:40:43,6098.0,694,6097.2,1,6099.2,2,6097.8,0
2023-05-10 09:40:43,6098.0,694,6097.4,2,6099.2,2,6097.76,0
2023-05-10 09:40:44,6098.0,694,6097.6,1,6099.2,2,6097.58,0
2023-05-10 09:40:45,6098.0,694,6097.8,1,6099.2,2,6097.4,0
2023-05-10 09:40:45,6098.0,694,6097.6,1,6099.2,2,6097.219999999999,0
2023-05-10 09:40:46,6098.0,694,6097.6,1,6099.0,1,6097.04,0
2023-05-10 09:40:46,6097.6,695,6096.4,1,6097.6,1,6096.9,0
2023-05-10 09:40:47,6097.6,695,6096.2,1,6097.4,1,6096.76,0
2023-05-10 09:40:47,6097.6,695,6095.8,1,6097.0,1,6096.62,0
2023-05-10 09:40:48,6097.6,695,6096.0,1,6096.8,2,6096.48,0
2023-05-10 09:40:48,6097.6,695,6094.4,1,6096.2,1,6096.34,0
2023-05-10 09:40:49,6097.6,695,6095.0,1,6096.2,1,6096.2,0
2023-05-10 09:40:49,6096.2,696,6095.4,1,6096.8,2,6096.2,0
2023-05-10 09:40:50,6096.2,696,6095.2,1,6097.4,1,6096.2,0
2023-05-10 09:40:50,6096.2,696,6095.4,1,6097.2,1,6096.2,0
2023-05-10 09:40:51,6096.2,696,6094.8,1,6097.0,1,6096.2,0
2023-05-10 09:40:51,6096.2,696,6095.0,1,6096.8,4,6096.2,0
2023-05-10 09:40:52,6096.2,696,6094.6,1,6096.4,1,6096.199999999999,0
2023-05-10 09:40:52,6096.2,696,6094.0,2,6096.2,1,6096.26,1
2023-05-10 09:40:53,6096.2,696,6094.4,1,6096.2,1,6096.320000000001,1
2023-05-10 09:40:54,6096.2,696,6094.4,1,6096.2,2,6096.379999999999,1
2023-05-10 09:40:54,6096.2,698,6094.2,1,6096.8,3,6096.4400000000005,1
2023-05-10 09:40:55,6096.2,698,6094.4,2,6096.2,3,6096.5,1
2023-05-10 09:40:55,6096.2,698,6094.8,1,6096.8,3,6096.56,1
2023-05-10 09:40:56,6096.2,698,6095.0,2,6097.4,1,6096.620000000001,1
2023-05-10 09:40:56,6096.2,698,6095.0,1,6097.2,5,6096.679999999999,1
2023-05-10 09:40:57,6096.2,698,6094.6,1,6097.2,5,6096.74,1
2023-05-10 09:40:57,6096.2,698,6094.8,1,6097.2,5,6096.800000000001,1
2023-05-10 09:40:58,6096.8,699,6094.6,1,6097.2,4,6096.8,0
2023-05-10 09:40:59,6096.8,699,6094.8,1,6096.2,3,6096.8,0
2023-05-10 09:40:59,6096.8,699,6094.4,3,6096.2,3,6096.8,0
2023-05-10 09:41:00,6096.8,700,6094.8,1,6096.2,2,6096.8,0
2023-05-10 09:41:00,6096.8,700,6095.2,1,6096.8,2,6096.78,0
2023-05-10 09:41:01,6096.8,700,6095.2,1,6096.8,2,6096.76,0
2023-05-10 09:41:01,6096.8,700,6095.4,2,6097.2,1,6096.88,1
2023-05-10 09:41:02,6096.8,700,6095.8,1,6097.6,1,6097.000000000001,1
2023-05-10 09:41:02,6096.8,700,6096.6,1,6098.4,1,6097.120000000001,1
2023-05-10 09:41:03,6096.8,700,6096.0,1,6098.2,2,6097.24,1
2023-05-10 09:41:03,6096.8,700,6096.6,1,6097.8,2,6097.360000000001,1
2023-05-10 09:41:04,6096.8,700,6096.2,1,6098.0,2,6097.4800000000005,1
2023-05-10 09:41:04,6096.8,700,6096.6,1,6098.0,1,6097.6,1
2023-05-10 09:41:05,6096.8,700,6096.4,1,6098.0,1,6097.72,1
2023-05-10 09:41:05,6096.6,701,6096.6,1,6098.0,1,6097.860000000001,1
2023-05-10 09:41:06,6096.6,701,6096.6,1,6098.0,1,6098.0,1
2023-05-10 09:41:06,6098.0,702,6096.6,1,6098.2,4,6098.0,0
2023-05-10 09:41:07,6098.0,702,6095.8,1,6098.2,4,6098.0,0
2023-05-10 09:41:07,6098.0,702,6096.8,1,6098.0,1,6098.0,0
2023-05-10 09:41:08,6098.0,702,6095.8,1,6097.8,1,6098.0,0
2023-05-10 09:41:08,6098.0,702,6096.2,1,6098.2,4,6098.0,0
2023-05-10 09:41:09,6098.0,702,6095.6,3,6098.0,1,6098.0,0
2023-05-10 09:41:09,6098.0,702,6096.8,1,6098.2,2,6097.98,0
2023-05-10 09:41:10,6098.0,702,6096.4,1,6098.6,1,6097.96,0
2023-05-10 09:41:10,6098.0,702,6096.4,1,6098.2,2,6097.94,0
2023-05-10 09:41:11,6098.0,703,6096.4,1,6097.8,1,6097.92,0
2023-05-10 09:41:11,6098.0,703,6096.4,1,6097.8,1,6097.9,0
2023-05-10 09:41:12,6098.0,703,6096.6,1,6097.8,1,6097.879999999999,0
2023-05-10 09:41:12,6098.0,703,6096.6,1,6097.8,1,6097.86,0
2023-05-10 09:41:13,6098.0,703,6096.0,1,6097.6,2,6097.84,0
2023-05-10 09:41:13,6098.0,703,6096.0,1,6097.8,1,6097.82,0
2023-05-10 09:41:14,6098.0,703,6096.2,2,6097.8,1,6097.8,0
2023-05-10 09:41:14,6097.8,704,6096.2,2,6098.2,2,6097.8,0
2023-05-10 09:41:15,6097.8,704,6096.6,1,6098.6,1,6097.8,0
2023-05-10 09:41:15,6097.8,704,6097.0,2,6098.6,1,6097.8,0
2023-05-10 09:41:16,6097.8,704,6097.0,1,6098.4,1,6097.8,0
2023-05-10 09:41:16,6097.8,704,6096.2,1,6098.4,1,6097.8,0
2023-05-10 09:41:17,6097.8,704,6096.4,1,6098.4,1,6097.800000000001,1
2023-05-10 09:41:17,6097.8,704,6096.2,1,6098.0,1,6097.8,0
2023-05-10 09:41:18,6097.8,704,6096.6,1,6098.2,2,6097.8,0
2023-05-10 09:41:18,6097.8,704,6096.2,1,6098.2,2,6097.8,0
2023-05-10 09:41:19,6097.8,704,6096.2,1,6098.2,2,6097.8,0
2023-05-10 09:41:20,6097.8,704,6096.6,1,6098.2,2,6097.8,0
2023-05-10 09:41:21,6097.8,704,6096.6,1,6098.2,2,6097.74,0
2023-05-10 09:41:21,6097.8,704,6096.2,1,6098.2,2,6097.68,0
2023-05-10 09:41:22,6097.8,704,6096.4,2,6099.0,1,6097.6,0
2023-05-10 09:41:22,6097.8,704,6096.6,1,6098.8,1,6097.42,0
2023-05-10 09:41:23,6097.8,704,6097.0,1,6098.8,1,6097.24,0
2023-05-10 09:41:23,6097.8,704,6097.2,1,6099.4,2,6097.06,0
2023-05-10 09:41:24,6097.8,704,6097.4,1,6099.4,2,6096.88,0
2023-05-10 09:41:24,6097.8,704,6097.4,1,6099.4,2,6096.679999999999,0
2023-05-10 09:41:25,6097.8,704,6097.2,3,6099.2,4,6096.4800000000005,0
2023-05-10 09:41:25,6097.8,704,6097.2,2,6099.0,2,6096.28,0
2023-05-10 09:41:26,6097.2,706,6096.0,2,6098.6,1,6096.14,0
2023-05-10 09:41:26,6097.2,706,6096.0,2,6098.4,4,6096.0,0
2023-05-10 09:41:27,6097.0,707,6096.0,2,6098.2,1,6095.879999999999,0
2023-05-10 09:41:27,6096.0,708,6096.0,1,6098.2,1,6095.860000000001,0
2023-05-10 09:41:28,6096.0,708,6096.2,2,6098.0,2,6095.840000000001,0
2023-05-10 09:41:28,6096.0,709,6096.2,1,6097.4,1,6095.820000000001,0
2023-05-10 09:41:29,6096.0,709,6096.2,1,6097.4,1,6095.8,0
2023-05-10 09:41:31,6095.8,711,6095.8,2,6097.4,1,6095.8,0
2023-05-10 09:41:31,6095.8,713,6095.0,1,6097.0,1,6095.8,0
2023-05-10 09:41:32,6095.8,713,6094.4,1,6096.8,3,6095.800000000001,1
2023-05-10 09:41:32,6095.8,713,6094.4,1,6096.4,1,6095.8,0
2023-05-10 09:41:33,6095.8,713,6094.6,1,6096.8,3,6095.8,0
2023-05-10 09:41:34,6095.8,713,6094.8,1,6096.8,3,6095.8,0
2023-05-10 09:41:34,6095.8,713,6095.0,3,6096.8,2,6095.8,0
2023-05-10 09:41:35,6095.8,713,6095.2,1,6096.8,2,6095.8,0
2023-05-10 09:41:35,6095.8,713,6095.4,3,6098.4,1,6095.8,0
2023-05-10 09:41:36,6095.8,713,6096.0,1,6098.0,2,6095.8,0
2023-05-10 09:41:36,6095.8,713,6095.6,1,6097.8,2,6095.800000000001,1
2023-05-10 09:41:37,6095.8,713,6095.4,3,6097.6,2,6095.8,0
2023-05-10 09:41:37,6095.8,713,6095.0,1,6097.4,1,6095.8,0
2023-05-10 09:41:38,6095.8,713,6095.0,1,6097.0,1,6095.8,0
2023-05-10 09:41:38,6095.8,713,6094.4,1,6096.6,1,6095.96,1
2023-05-10 09:41:39,6095.8,713,6094.6,1,6096.6,1,6096.120000000001,1
2023-05-10 09:41:39,6095.8,713,6095.0,1,6096.6,1,6096.280000000001,1
2023-05-10 09:41:40,6095.8,713,6095.0,1,6096.6,1,6096.44,1
2023-05-10 09:41:40,6095.8,713,6095.0,1,6096.4,3,6096.6,1
2023-05-10 09:41:41,6095.8,713,6095.0,1,6096.6,1,6096.76,1
2023-05-10 09:41:41,6095.8,713,6095.2,1,6097.4,3,6096.92,1
2023-05-10 09:41:42,6095.8,713,6095.6,1,6097.4,1,6097.16,1
2023-05-10 09:41:42,6095.8,713,6096.0,1,6097.4,1,6097.4,1
2023-05-10 09:41:43,6095.8,713,6096.2,1,6097.4,1,6097.48,1
2023-05-10 09:41:43,6097.4,714,6096.0,1,6098.2,4,6097.4,0
2023-05-10 09:41:44,6097.4,714,6096.2,2,6098.2,4,6097.32,0
2023-05-10 09:41:44,6097.4,714,6096.2,3,6098.0,1,6097.24,0
2023-05-10 09:41:45,6097.4,714,6096.2,2,6098.2,3,6097.160000000001,0
2023-05-10 09:41:45,6097.4,714,6096.2,2,6098.4,1,6097.08,0
2023-05-10 09:41:46,6097.4,714,6096.2,2,6098.2,5,6097.0,0
2023-05-10 09:41:46,6097.4,714,6096.2,1,6098.2,5,6096.92,0
2023-05-10 09:41:47,6098.2,715,6096.4,1,6098.2,2,6096.76,0
2023-05-10 09:41:48,6098.2,715,6096.6,1,6098.2,1,6096.6,0
2023-05-10 09:41:49,6096.6,716,6096.0,1,6098.0,1,6096.6,0
2023-05-10 09:41:49,6096.6,716,6096.4,1,6098.8,1,6096.6,0
2023-05-10 09:41:50,6096.6,716,6096.6,3,6098.8,1,6096.6,0
2023-05-10 09:41:50,6096.6,716,6096.8,1,6098.8,1,6096.6,0
2023-05-10 09:41:51,6096.6,716,6096.6,2,6098.4,2,6096.6,0
2023-05-10 09:41:51,6096.6,716,6096.6,1,6098.4,1,6096.6,0
2023-05-10 09:41:52,6096.6,716,6095.8,1,6098.0,1,6096.4400000000005,0
2023-05-10 09:41:52,6096.6,716,6095.8,1,6097.6,1,6096.280000000001,0
2023-05-10 09:41:53,6096.6,716,6095.8,1,6097.6,2,6096.12,0
2023-05-10 09:41:53,6096.6,716,6096.0,1,6097.6,1,6095.960000000001,0
2023-05-10 09:41:54,6096.6,716,6095.8,1,6097.4,1,6095.8,0
2023-05-10 09:41:55,6096.6,716,6095.8,1,6097.2,1,6095.639999999999,0
2023-05-10 09:41:55,6096.6,716,6095.0,2,6097.0,1,6095.4800000000005,0
2023-05-10 09:41:56,6096.6,716,6095.2,3,6097.0,1,6095.32,0
2023-05-10 09:41:57,6096.6,716,6095.2,2,6096.8,2,6095.160000000001,0
2023-05-10 09:41:57,6096.6,716,6095.0,2,6096.4,2,6095.0,0
2023-05-10 09:41:59,6095.0,718,6094.6,1,6096.2,1,6094.92,0
2023-05-10 09:41:59,6095.0,718,6094.4,1,6096.2,1,6094.839999999999,0
2023-05-10 09:42:00,6095.0,718,6094.4,1,6096.2,1,6094.76,0
2023-05-10 09:42:00,6095.0,718,6094.4,1,6096.0,2,6094.860000000001,0
2023-05-10 09:42:01,6095.0,718,6094.0,1,6096.4,2,6094.960000000001,0
2023-05-10 09:42:01,6095.0,718,6094.2,4,6096.2,2,6095.06,1
2023-05-10 09:42:02,6095.0,718,6094.2,3,6096.0,1,6095.160000000001,1
2023-05-10 09:42:02,6095.0,718,6094.6,1,6096.0,1,6095.26,1
2023-05-10 09:42:03,6095.0,718,6094.2,3,6095.8,1,6095.360000000001,1
2023-05-10 09:42:03,6095.0,718,6094.2,2,6095.8,1,6095.460000000001,1
2023-05-10 09:42:04,6094.2,720,6094.2,1,6096.0,1,6095.64,1
2023-05-10 09:42:04,6094.2,720,6094.4,1,6096.0,1,6095.820000000001,1
2023-05-10 09:42:05,6094.2,720,6094.6,1,6096.0,1,6096.0,1
2023-05-10 09:42:05,6096.0,721,6094.6,1,6096.2,1,6096.0,0
2023-05-10 09:42:06,6096.0,721,6094.8,1,6096.2,1,6096.0,0
2023-05-10 09:42:07,6096.0,721,6095.0,1,6096.2,1,6095.92,0
2023-05-10 09:42:07,6096.0,721,6095.2,1,6096.2,1,6095.839999999999,0
2023-05-10 09:42:08,6096.0,721,6095.0,1,6096.2,1,6095.76,0
2023-05-10 09:42:08,6096.0,721,6095.2,3,6097.6,1,6095.679999999999,0
2023-05-10 09:42:09,6096.0,721,6095.2,3,6097.2,2,6095.6,0
2023-05-10 09:42:09,6096.0,721,6095.4,1,6096.4,1,6095.52,0
2023-05-10 09:42:10,6096.0,721,6095.4,1,6096.4,1,6095.62,0
2023-05-10 09:42:11,6096.0,721,6095.2,2,6096.4,1,6095.78,0
2023-05-10 09:42:11,6096.0,721,6095.2,1,6096.2,1,6095.94,0
2023-05-10 09:42:12,6096.0,721,6095.2,1,6096.2,1,6096.1,1
2023-05-10 09:42:12,6095.2,722,6094.8,1,6096.4,1,6096.280000000001,1
2023-05-10 09:42:13,6095.2,722,6095.2,1,6096.4,1,6096.460000000001,1
2023-05-10 09:42:14,6095.2,722,6095.4,2,6096.4,1,6096.64,1
2023-05-10 09:42:14,6095.2,722,6095.8,1,6097.6,2,6096.820000000001,1
2023-05-10 09:42:15,6095.2,722,6095.4,2,6097.0,1,6097.0,1
2023-05-10 09:42:16,6095.2,722,6095.8,1,6097.0,1,6097.18,1
2023-05-10 09:42:16,6097.0,723,6096.0,1,6097.6,2,6097.18,1
2023-05-10 09:42:17,6097.6,725,6097.0,1,6098.4,1,6097.120000000001,0
2023-05-10 09:42:17,6097.6,725,6097.0,1,6098.0,1,6097.06,0
2023-05-10 09:42:18,6097.6,725,6097.0,1,6097.6,2,6096.82,0
2023-05-10 09:42:18,6097.0,726,6096.0,1,6097.2,1,6096.639999999999,0
2023-05-10 09:42:20,6097.0,726,6095.4,1,6097.2,1,6096.46,0
2023-05-10 09:42:20,6097.0,726,6094.8,1,6097.2,1,6096.28,0
2023-05-10 09:42:21,6097.0,726,6095.0,2,6097.0,1,6096.1,0
2023-05-10 09:42:21,6097.0,726,6095.0,2,6096.8,1,6095.92,0
2023-05-10 09:42:22,6097.0,726,6095.2,1,6097.2,1,6095.74,0
2023-05-10 09:42:22,6097.0,726,6095.0,1,6097.0,2,6095.56,0
2023-05-10 09:42:23,6097.0,726,6095.0,1,6096.8,1,6095.379999999999,0
2023-05-10 09:42:23,6097.0,726,6095.2,1,6096.6,3,6095.199999999999,0
2023-05-10 09:42:24,6095.2,727,6095.0,1,6096.6,1,6095.2,0
2023-05-10 09:42:25,6095.2,727,6095.4,1,6096.6,1,6095.2,0
2023-05-10 09:42:25,6095.2,727,6095.0,1,6096.6,1,6095.2,0
2023-05-10 09:42:26,6095.2,727,6095.4,1,6098.2,3,6095.2,0
2023-05-10 09:42:26,6095.2,727,6095.0,1,6097.6,1,6095.2,0
2023-05-10 09:42:27,6095.2,727,6095.2,2,6097.4,2,6095.2,0
2023-05-10 09:42:27,6095.2,727,6095.4,1,6097.2,1,6095.2,0
2023-05-10 09:42:28,6095.2,727,6095.4,1,6096.8,1,6095.199999999999,0
2023-05-10 09:42:28,6095.2,727,6095.4,1,6096.4,1,6095.2,0
2023-05-10 09:42:29,6095.2,727,6095.2,1,6096.4,1,6095.2,0
2023-05-10 09:42:30,6095.2,727,6095.2,1,6096.4,1,6095.379999999999,1
2023-05-10 09:42:31,6095.2,728,6095.0,1,6096.4,1,6095.56,1
2023-05-10 09:42:31,6095.2,728,6095.0,1,6097.2,1,6095.74,1
2023-05-10 09:42:32,6095.2,728,6095.2,1,6097.0,2,6095.92,1
2023-05-10 09:42:36,6095.2,728,6095.2,1,6096.6,1,6096.1,1
2023-05-10 09:42:37,6095.2,728,6095.0,1,6097.0,2,6096.28,1
2023-05-10 09:42:39,6095.2,728,6095.2,1,6097.0,2,6096.46,1
2023-05-10 09:42:40,6095.2,729,6095.0,1,6097.0,2,6096.64,1
2023-05-10 09:42:42,6095.2,729,6095.0,1,6096.8,1,6096.82,1
2023-05-10 09:42:42,6095.2,729,6095.2,1,6097.0,2,6097.0,1
2023-05-10 09:42:45,6097.0,731,6095.2,1,6097.4,1,6096.9800000000005,0
2023-05-10 09:42:45,6097.0,731,6095.6,2,6098.0,1,6096.96,0
2023-05-10 09:42:46,6097.0,731,6096.0,1,6098.2,3,6096.9400000000005,0
2023-05-10 09:42:46,6097.0,731,6096.2,2,6098.2,3,6096.84,0
2023-05-10 09:42:47,6097.0,731,6096.4,1,6098.2,3,6096.64,0
2023-05-10 09:42:47,6097.0,731,6096.6,2,6098.6,1,6096.4400000000005,0
2023-05-10 09:42:48,6097.0,731,6096.8,2,6098.4,1,6096.24,0
2023-05-10 09:42:48,6097.0,731,6097.0,1,6098.2,1,6096.04,0
2023-05-10 09:42:49,6097.0,731,6097.0,1,6098.0,2,6095.84,0
2023-05-10 09:42:49,6097.0,732,6096.8,1,6098.0,2,6095.64,0
2023-05-10 09:42:50,6096.8,733,6096.2,1,6096.8,1,6095.5,0
2023-05-10 09:42:50,6096.8,733,6096.0,1,6096.8,1,6095.360000000001,0
2023-05-10 09:42:51,6096.8,733,6096.0,1,6096.8,1,6095.3,0
2023-05-10 09:42:52,6096.0,734,6093.8,1,6094.8,1,6095.32,0
2023-05-10 09:42:53,6095.0,735,6095.4,1,6097.8,1,6095.4400000000005,1
2023-05-10 09:42:53,6095.0,735,6095.6,3,6097.6,2,6095.56,1
2023-05-10 09:42:54,6095.0,735,6095.8,1,6097.6,2,6095.679999999999,1
2023-05-10 09:42:54,6095.0,735,6096.0,2,6097.8,1,6095.8,1
2023-05-10 09:42:55,6095.0,735,6096.2,1,6097.6,1,6095.92,1
2023-05-10 09:42:55,6095.0,735,6096.2,1,6097.4,1,6096.039999999999,1
2023-05-10 09:42:56,6095.4,737,6095.8,1,6097.4,1,6096.12,1
2023-05-10 09:42:56,6095.4,737,6095.8,2,6096.2,1,6096.2,1
2023-05-10 09:42:57,6096.2,738,6096.2,1,6097.8,1,6096.2,0
2023-05-10 09:42:57,6096.2,738,6096.2,1,6097.6,3,6096.2,0
2023-05-10 09:42:58,6096.2,738,6095.8,1,6097.6,3,6096.199999999999,0
2023-05-10 09:42:58,6096.2,738,6095.8,1,6097.2,1,6096.2,0
2023-05-10 09:42:59,6096.2,738,6095.8,1,6097.4,1,6096.2,0
2023-05-10 09:42:59,6096.2,738,6095.8,1,6097.2,1,6096.2,0
2023-05-10 09:43:00,6096.2,738,6095.8,1,6097.2,1,6096.2,0
2023-05-10 09:43:01,6096.2,738,6094.8,1,6097.2,1,6096.08,0
2023-05-10 09:43:01,6096.2,738,6095.0,2,6097.0,2,6095.96,0
2023-05-10 09:43:02,6096.2,738,6095.4,1,6097.4,1,6095.84,0
2023-05-10 09:43:02,6096.2,738,6095.8,1,6097.6,2,6095.679999999999,0
2023-05-10 09:43:03,6096.2,738,6096.0,2,6098.6,1,6095.66,0
2023-05-10 09:43:03,6096.2,738,6096.2,1,6098.2,2,6095.64,0
2023-05-10 09:43:04,6096.2,738,6096.0,1,6096.8,1,6095.62,0
2023-05-10 09:43:04,6096.2,738,6095.6,1,6096.8,1,6095.6,0
2023-05-10 09:43:05,6096.2,738,6094.8,1,6098.0,2,6095.58,0
2023-05-10 09:43:05,6096.2,738,6095.0,3,6096.0,1,6095.56,0
2023-05-10 09:43:06,6095.0,741,6094.0,1,6096.0,1,6095.7,1
2023-05-10 09:43:06,6095.0,741,6094.2,1,6095.8,2,6095.84,1
2023-05-10 09:43:07,6095.0,741,6094.2,1,6095.8,1,6095.98,1
2023-05-10 09:43:09,6094.6,742,6094.4,2,6096.0,1,6096.16,1
2023-05-10 09:43:09,6096.0,743,6095.2,1,6097.2,1,6096.2,1
2023-05-10 09:43:10,6096.0,743,6095.2,1,6096.8,2,6096.24,1
2023-05-10 09:43:10,6096.0,743,6095.2,1,6096.4,1,6096.16,1
2023-05-10 09:43:11,6096.0,743,6095.2,1,6096.4,1,6096.0,0
2023-05-10 09:43:11,6096.0,743,6095.6,1,6096.4,1,6095.82,0
2023-05-10 09:43:12,6096.0,743,6095.6,1,6096.4,1,6095.6,0
2023-05-10 09:43:12,6096.4,744,6095.6,1,6097.4,1,6095.32,0
2023-05-10 09:43:13,6096.4,744,6095.6,1,6098.0,2,6095.039999999999,0
2023-05-10 09:43:13,6096.4,744,6095.4,2,6097.6,1,6094.76,0
2023-05-10 09:43:14,6096.4,744,6095.4,2,6097.2,1,6094.4800000000005,0
2023-05-10 09:43:14,6096.4,744,6095.4,2,6096.8,1,6094.2,0
2023-05-10 09:43:15,6096.4,744,6095.4,2,6096.8,1,6093.84,0
2023-05-10 09:43:16,6095.2,747,6094.4,2,6096.4,1,6093.6,0
2023-05-10 09:43:16,6094.4,749,6094.2,2,6096.0,1,6093.4400000000005,0
2023-05-10 09:43:17,6094.2,751,6094.0,1,6095.6,1,6093.4800000000005,0
2023-05-10 09:43:17,6093.8,753,6093.6,1,6094.8,2,6093.56,0
2023-05-10 09:43:18,6093.6,754,6092.6,2,6094.4,1,6093.660000000001,1
2023-05-10 09:43:18,6093.6,754,6092.6,1,6094.2,1,6093.76,1
2023-05-10 09:43:19,6093.6,754,6092.8,1,6094.6,3,6093.86,1
2023-05-10 09:43:19,6093.6,754,6092.6,1,6094.4,2,6093.96,1
2023-05-10 09:43:20,6093.6,754,6092.6,1,6094.4,1,6094.06,1
2023-05-10 09:43:21,6092.8,755,6092.8,1,6094.6,2,6094.24,1
2023-05-10 09:43:21,6092.8,755,6092.8,1,6094.4,1,6094.42,1
2023-05-10 09:43:22,6092.8,755,6092.8,3,6094.6,2,6094.6,1
2023-05-10 09:43:22,6094.6,756,6092.8,3,6095.6,1,6094.6,0
2023-05-10 09:43:23,6094.6,756,6093.0,2,6095.2,1,6094.6,0
2023-05-10 09:43:23,6094.6,756,6093.2,1,6095.2,1,6094.6,0
2023-05-10 09:43:24,6094.6,756,6093.4,1,6095.2,1,6094.6,0
2023-05-10 09:43:24,6094.6,756,6093.6,1,6095.2,1,6094.6,0
2023-05-10 09:43:25,6094.6,756,6093.8,1,6095.4,4,6094.6,0
2023-05-10 09:43:25,6094.6,756,6093.6,1,6095.0,1,6094.6,0
2023-05-10 09:43:26,6094.6,756,6093.6,1,6094.8,1,6094.6,0
2023-05-10 09:43:26,6094.6,756,6093.6,1,6094.6,1,6094.6,0
2023-05-10 09:43:27,6094.6,756,6093.6,1,6094.6,1,6094.6,0
2023-05-10 09:43:28,6094.6,756,6093.6,1,6094.6,1,6094.6,0
2023-05-10 09:43:28,6094.6,757,6093.6,1,6095.2,3,6094.6,0
2023-05-10 09:43:29,6094.6,757,6094.0,1,6095.4,3,6094.6,0
2023-05-10 09:43:29,6094.6,757,6094.0,1,6095.4,1,6094.6,0
2023-05-10 09:43:30,6094.6,757,6094.0,2,6096.8,1,6094.6,0
2023-05-10 09:43:30,6094.6,757,6094.2,3,6096.2,1,6094.6,0
2023-05-10 09:43:31,6094.6,757,6094.2,2,6096.0,2,6094.6,0
2023-05-10 09:43:32,6094.6,757,6094.2,2,6095.8,1,6094.6,0
2023-05-10 09:43:33,6094.6,757,6094.2,2,6096.2,1,6094.6,0
2023-05-10 09:43:34,6094.6,757,6094.6,3,6096.6,2,6094.6,0
2023-05-10 09:43:34,6094.6,757,6094.8,2,6096.8,1,6094.6,0
2023-05-10 09:43:35,6094.6,757,6095.2,1,6097.0,2,6094.6,0
2023-05-10 09:43:35,6094.6,757,6095.4,2,6097.0,2,6094.6,0
2023-05-10 09:43:36,6094.6,757,6095.6,2,6097.0,2,6094.6,0
2023-05-10 09:43:36,6094.6,757,6095.8,1,6096.8,1,6094.6,0
2023-05-10 09:43:37,6094.6,757,6095.6,2,6096.6,1,6094.68,1
2023-05-10 09:43:37,6094.6,757,6095.6,2,6096.6,2,6094.76,1
2023-05-10 09:43:38,6094.6,757,6095.6,2,6096.4,3,6094.84,1
2023-05-10 09:43:38,6094.6,757,6094.0,1,6096.4,3,6094.92,1
2023-05-10 09:43:39,6094.6,757,6094.2,2,6096.2,1,6095.0,1
2023-05-10 09:43:40,6094.6,757,6094.2,2,6096.0,1,6095.08,1
2023-05-10 09:43:42,6094.6,757,6094.2,1,6096.0,1,6095.16,1
2023-05-10 09:43:42,6094.6,757,6094.6,2,6095.8,2,6095.24,1
2023-05-10 09:43:43,6094.6,757,6094.6,2,6095.4,1,6095.32,1
2023-05-10 09:43:43,6094.6,757,6094.6,2,6095.4,1,6095.4,1
2023-05-10 09:43:44,6095.4,758,6094.6,2,6095.6,1,6095.4,0
2023-05-10 09:43:44,6095.4,758,6094.6,1,6095.8,2,6095.4,0
2023-05-10 09:43:45,6095.4,758,6092.8,1,6095.8,2,6095.4,0
2023-05-10 09:43:45,6095.4,758,6093.4,1,6095.6,1,6095.4,0
2023-05-10 09:43:46,6095.4,758,6093.8,2,6095.6,2,6095.4,0
2023-05-10 09:43:46,6095.4,758,6094.0,1,6095.4,1,6095.4,0
2023-05-10 09:43:47,6095.4,758,6094.0,1,6095.6,2,6095.4,0
2023-05-10 09:43:48,6095.4,758,6094.0,1,6095.6,1,6095.4,0
2023-05-10 09:43:48,6095.4,758,6094.2,1,6095.6,1,6095.42,1
2023-05-10 09:43:49,6095.4,758,6094.2,1,6095.6,1,6095.4400000000005,1
2023-05-10 09:43:49,6095.4,758,6094.4,1,6095.6,1,6095.46,1
2023-05-10 09:43:50,6095.4,758,6094.4,1,6095.6,1,6095.48,1
2023-05-10 09:43:50,6095.4,758,6093.8,1,6095.6,1,6095.5,1
2023-05-10 09:43:51,6095.4,758,6094.0,1,6095.4,1,6095.52,1
2023-05-10 09:43:52,6095.4,758,6094.4,1,6095.6,1,6095.54,1
2023-05-10 09:43:53,6095.4,758,6094.4,1,6095.6,2,6095.56,1
2023-05-10 09:43:55,6095.4,758,6094.4,1,6095.4,1,6095.56,1
2023-05-10 09:43:57,6095.4,758,6094.4,1,6095.6,2,6095.56,1
2023-05-10 09:43:58,6095.6,760,6094.4,1,6096.2,1,6095.54,0
2023-05-10 09:43:58,6095.6,760,6094.6,2,6096.0,1,6095.52,0
2023-05-10 09:43:59,6095.6,760,6094.6,1,6096.0,1,6095.5,0
2023-05-10 09:43:59,6095.6,760,6095.4,3,6096.0,1,6095.4800000000005,0
2023-05-10 09:44:00,6095.6,760,6095.4,3,6096.2,1,6095.46,0
2023-05-10 09:44:00,6095.6,760,6095.4,3,6096.4,1,6095.44,0
2023-05-10 09:44:01,6095.6,760,6095.4,3,6096.2,1,6095.42,0
2023-05-10 09:44:02,6095.6,760,6095.4,3,6096.0,1,6095.4,0
2023-05-10 09:44:02,6095.4,761,6095.4,2,6096.2,1,6095.4,0
2023-05-10 09:44:03,6095.4,761,6095.4,2,6096.0,2,6095.4,0
2023-05-10 09:44:03,6095.4,762,6095.4,1,6095.8,1,6095.3,0
2023-05-10 09:44:04,6095.4,763,6094.4,1,6095.4,1,6095.2,0
2023-05-10 09:44:04,6095.4,763,6094.6,1,6096.0,3,6095.099999999999,0
2023-05-10 09:44:05,6095.4,763,6094.4,1,6095.8,1,6094.999999999999,0
2023-05-10 09:44:06,6095.4,763,6094.4,1,6095.4,1,6094.9,0
2023-05-10 09:44:06,6095.4,763,6094.4,1,6095.2,2,6094.8,0
2023-05-10 09:44:07,6095.4,763,6094.4,1,6095.2,1,6094.699999999999,0
2023-05-10 09:44:07,6095.4,763,6094.4,1,6096.0,3,6094.599999999999,0
2023-05-10 09:44:08,6095.4,763,6094.4,1,6095.6,1,6094.5,0
2023-05-10 09:44:08,6095.4,763,6094.4,1,6095.2,1,6094.4,0
2023-05-10 09:44:09,6094.4,764,6094.0,1,6095.2,1,6094.4,0
2023-05-10 09:44:09,6094.4,764,6093.8,1,6095.2,1,6094.4,0
2023-05-10 09:44:11,6094.4,764,6093.8,1,6095.0,1,6094.4,0
2023-05-10 09:44:11,6094.4,764,6093.8,1,6094.8,1,6094.4,0
2023-05-10 09:44:12,6094.4,764,6093.8,1,6095.6,1,6094.56,1
2023-05-10 09:44:13,6094.4,764,6094.0,2,6095.6,1,6094.719999999999,1
2023-05-10 09:44:13,6094.4,764,6094.0,2,6095.8,1,6094.88,1
2023-05-10 09:44:15,6094.4,764,6094.4,1,6095.8,1,6095.04,1
2023-05-10 09:44:15,6094.4,764,6094.0,2,6096.0,4,6095.2,1
2023-05-10 09:44:16,6094.4,764,6094.0,3,6096.0,4,6095.36,1
2023-05-10 09:44:16,6094.4,764,6094.4,3,6096.0,4,6095.52,1
2023-05-10 09:44:17,6094.4,764,6094.6,1,6096.0,2,6095.58,1
2023-05-10 09:44:17,6094.4,764,6094.8,2,6096.0,2,6095.64,1
2023-05-10 09:44:18,6094.4,764,6094.8,2,6096.0,2,6095.7,1
2023-05-10 09:44:18,6096.0,766,6094.8,2,6096.6,1,6095.6,0
2023-05-10 09:44:20,6096.0,766,6094.8,1,6096.4,1,6095.5,0
2023-05-10 09:44:21,6096.0,766,6094.8,1,6096.2,2,6095.4,0
2023-05-10 09:44:21,6096.0,766,6094.4,3,6096.2,2,6095.3,0
2023-05-10 09:44:22,6096.0,766,6094.6,2,6096.2,1,6095.2,0
2023-05-10 09:44:22,6096.0,766,6094.8,1,6096.2,1,6095.1,0
2023-05-10 09:44:23,6096.0,766,6095.0,1,6096.4,1,6095.0,0
2023-05-10 09:44:24,6095.0,767,6094.8,1,6096.4,1,6095.0,0
2023-05-10 09:44:24,6095.0,767,6094.8,1,6096.2,2,6094.92,0
2023-05-10 09:44:25,6095.0,767,6094.4,3,6096.2,2,6094.8,0
2023-05-10 09:44:25,6095.0,767,6094.6,1,6096.0,1,6094.7,0
2023-05-10 09:44:26,6095.0,767,6094.4,3,6096.0,1,6094.6,0
2023-05-10 09:44:26,6095.0,767,6094.4,1,6095.6,3,6094.5,0
2023-05-10 09:44:27,6095.0,767,6093.8,3,6095.4,1,6094.4,0
2023-05-10 09:44:27,6095.0,767,6093.8,3,6095.6,1,6094.3,0
2023-05-10 09:44:28,6095.0,767,6094.2,1,6095.8,1,6094.2,0
2023-05-10 09:44:28,6095.0,767,6094.2,1,6095.6,2,6094.1,0
2023-05-10 09:44:29,6095.0,767,6094.2,1,6095.2,2,6094.0,0
2023-05-10 09:44:29,6094.2,768,6093.8,3,6095.0,1,6093.9800000000005,0
2023-05-10 09:44:30,6093.8,771,6094.0,1,6094.6,1,6094.0,1
2023-05-10 09:44:30,6094.0,772,6093.0,1,6094.0,1,6094.0,0
2023-05-10 09:44:31,6094.0,772,6093.0,1,6094.0,1,6094.0,0
2023-05-10 09:44:31,6094.0,772,6093.0,1,6094.8,1,6094.0,0
2023-05-10 09:44:32,6094.0,772,6093.4,1,6094.4,1,6094.0,0
2023-05-10 09:44:33,6094.0,772,6093.4,1,6094.4,1,6094.0,0
2023-05-10 09:44:34,6094.0,772,6093.0,1,6094.4,1,6093.94,0
2023-05-10 09:44:34,6094.0,772,6093.0,1,6094.4,1,6093.879999999999,0
2023-05-10 09:44:36,6094.0,772,6093.0,1,6094.8,1,6093.82,0
2023-05-10 09:44:37,6094.0,772,6093.0,1,6094.6,2,6093.679999999999,0
2023-05-10 09:44:37,6094.0,772,6093.0,1,6094.4,2,6093.539999999999,0
2023-05-10 09:44:38,6094.0,772,6093.0,1,6094.2,1,6093.4,0
2023-05-10 09:44:39,6094.0,772,6093.0,1,6094.0,1,6093.26,0
2023-05-10 09:44:40,6094.0,772,6093.0,1,6094.2,1,6093.12,0
2023-05-10 09:44:40,6094.0,772,6093.0,1,6094.6,4,6092.98,0
2023-05-10 09:44:41,6094.0,772,6093.0,1,6094.6,3,6092.86,0
2023-05-10 09:44:42,6093.4,773,6093.0,1,6094.4,1,6092.800000000001,0
2023-05-10 09:44:42,6093.4,773,6093.0,1,6094.4,2,6092.74,0
2023-05-10 09:44:43,6093.4,773,6093.0,1,6094.2,1,6092.68,0
2023-05-10 09:44:44,6092.6,775,6091.8,1,6094.0,1,6092.7,1
2023-05-10 09:44:44,6092.6,775,6092.4,1,6093.6,1,6092.72,1
2023-05-10 09:44:45,6092.6,775,6092.4,1,6093.2,1,6092.74,1
2023-05-10 09:44:45,6092.6,775,6092.0,2,6092.8,1,6092.76,1
2023-05-10 09:44:46,6092.6,775,6091.8,1,6093.0,1,6092.780000000001,1
2023-05-10 09:44:46,6092.6,775,6091.8,1,6092.8,3,6092.800000000001,1
2023-05-10 09:44:47,6092.8,777,6091.8,1,6092.8,1,6092.8,0
2023-05-10 09:44:47,6092.8,777,6091.8,1,6093.6,1,6092.7,0
2023-05-10 09:44:48,6092.8,777,6091.8,1,6093.4,2,6092.6,0
2023-05-10 09:44:48,6092.8,777,6091.8,1,6093.2,3,6092.5,0
2023-05-10 09:44:49,6092.8,777,6091.8,1,6093.0,1,6092.4,0
2023-05-10 09:44:49,6092.8,777,6091.8,1,6092.8,1,6092.3,0
2023-05-10 09:44:50,6092.8,777,6091.8,1,6092.8,1,6092.2,0
2023-05-10 09:44:51,6092.8,777,6091.8,1,6092.8,1,6092.200000000001,0
2023-05-10 09:44:52,6092.8,777,6091.8,1,6092.8,1,6092.14,0
2023-05-10 09:44:55,6092.8,777,6091.8,1,6092.8,1,6092.08,0
2023-05-10 09:44:55,6092.8,777,6091.8,1,6092.8,2,6092.02,0
2023-05-10 09:44:57,6091.8,778,6090.2,1,6091.8,1,6092.06,1
2023-05-10 09:44:58,6091.8,779,6091.2,2,6092.8,1,6092.1,1
2023-05-10 09:44:58,6091.8,779,6092.6,1,6092.8,1,6092.14,1
2023-05-10 09:44:59,6091.8,779,6091.6,1,6092.8,1,6092.179999999999,1
2023-05-10 09:44:59,6091.8,779,6091.8,1,6092.8,1,6092.22,1
2023-05-10 09:45:00,6091.8,779,6092.2,1,6092.8,1,6092.26,1
2023-05-10 09:45:00,6092.8,780,6092.2,1,6094.4,1,6092.199999999999,0
2023-05-10 09:45:01,6092.2,781,6091.8,1,6094.0,2,6092.2,0
2023-05-10 09:45:01,6092.2,781,6092.0,1,6093.8,1,6092.2,0
2023-05-10 09:45:02,6092.2,781,6091.8,1,6093.4,1,6092.28,1
2023-05-10 09:45:02,6092.2,781,6091.8,1,6093.6,2,6092.34,1
