Time,LastPrice,Volume,Bid1Price,Bid1Volume,Ask1Price,Ask1Volume,FutureAvgPrice,Traded
2023-05-12 09:30:00,6059.0,9,6054.8,1,6059.2,1,6055.18,0
2023-05-12 09:30:00,6059.0,10,6055.0,7,6057.4,1,6054.62,0
2023-05-12 09:30:01,6055.0,16,6055.2,1,6056.2,1,6054.46,0
2023-05-12 09:30:01,6055.2,17,6053.0,1,6056.0,2,6054.46,0
2023-05-12 09:30:02,6055.2,17,6053.6,1,6055.8,1,6054.46,0
2023-05-12 09:30:02,6055.2,17,6053.2,1,6055.2,2,6054.5,0
2023-05-12 09:30:03,6055.2,20,6053.0,1,6055.2,1,6054.54,0
2023-05-12 09:30:03,6055.2,20,6053.0,1,6054.0,1,6054.9,0
2023-05-12 09:30:04,6054.0,21,6054.0,1,6055.0,1,6055.36,1
2023-05-12 09:30:04,6054.0,21,6053.0,1,6053.8,1,6055.82,1
2023-05-12 09:30:05,6053.8,22,6053.2,1,6055.2,1,6056.339999999999,1
2023-05-12 09:30:05,6053.4,27,6053.4,3,6057.6,2,6056.960000000001,1
2023-05-12 09:30:06,6053.4,27,6053.8,2,6055.2,1,6057.38,1
2023-05-12 09:30:06,6055.2,28,6055.4,1,6057.4,1,6057.68,1
2023-05-12 09:30:07,6055.2,28,6055.6,2,6057.2,1,6057.92,1
2023-05-12 09:30:07,6055.6,33,6055.2,5,6055.6,1,6058.120000000001,1
2023-05-12 09:30:08,6055.6,34,6057.4,1,6058.8,1,6058.320000000001,1
2023-05-12 09:30:08,6058.8,36,6057.2,1,6058.6,1,6058.2,0
2023-05-12 09:30:09,6058.6,38,6057.2,1,6059.0,3,6058.1,0
2023-05-12 09:30:09,6058.6,38,6057.6,1,6059.0,3,6058.000000000001,0
2023-05-12 09:30:10,6059.0,41,6059.6,3,6062.2,1,6057.840000000001,0
2023-05-12 09:30:10,6059.6,44,6057.6,1,6060.6,2,6057.62,0
2023-05-12 09:30:11,6057.6,45,6055.6,5,6058.8,1,6057.6,0
2023-05-12 09:30:11,6058.2,46,6057.6,1,6058.4,2,6057.52,0
2023-05-12 09:30:12,6057.6,47,6055.8,1,6057.4,1,6057.5,0
2023-05-12 09:30:12,6057.6,48,6056.0,2,6058.0,1,6057.639999999999,1
2023-05-12 09:30:13,6057.6,48,6056.0,1,6057.6,1,6057.780000000001,1
2023-05-12 09:30:13,6057.6,48,6055.6,5,6057.4,2,6057.92,1
2023-05-12 09:30:14,6057.6,48,6055.6,5,6057.4,2,6057.719999999999,1
2023-05-12 09:30:14,6057.6,49,6056.0,1,6057.4,1,6057.52,0
2023-05-12 09:30:15,6057.4,51,6056.0,1,6058.2,1,6057.34,0
2023-05-12 09:30:15,6057.4,51,6056.6,2,6060.0,2,6057.160000000001,0
2023-05-12 09:30:16,6057.4,51,6057.2,2,6059.8,1,6056.9800000000005,0
2023-05-12 09:30:16,6057.4,51,6057.4,2,6059.4,1,6056.76,0
2023-05-12 09:30:17,6057.4,53,6056.6,2,6059.2,3,6056.52,0
2023-05-12 09:30:17,6059.0,54,6056.0,2,6059.0,3,6056.12,0
2023-05-12 09:30:18,6059.0,54,6056.2,4,6058.8,5,6055.74,0
2023-05-12 09:30:18,6059.0,54,6056.4,1,6058.0,1,6055.4,0
2023-05-12 09:30:19,6055.6,64,6055.6,4,6057.8,1,6055.38,0
2023-05-12 09:30:19,6055.6,64,6055.6,4,6057.4,2,6055.36,0
2023-05-12 09:30:20,6055.6,64,6055.6,4,6057.2,5,6055.34,0
2023-05-12 09:30:20,6055.6,67,6055.6,1,6057.0,2,6055.4,0
2023-05-12 09:30:21,6055.6,68,6055.2,5,6056.8,4,6055.58,0
2023-05-12 09:30:21,6055.2,73,6055.0,2,6055.6,3,6055.84,1
2023-05-12 09:30:22,6055.0,74,6055.0,1,6055.4,1,6056.32,1
2023-05-12 09:30:22,6055.0,75,6053.4,1,6055.4,2,6056.82,1
2023-05-12 09:30:23,6055.2,76,6053.8,2,6055.2,3,6057.3,1
2023-05-12 09:30:23,6055.6,77,6055.4,5,6055.6,3,6057.74,1
2023-05-12 09:30:24,6055.4,84,6055.4,2,6056.8,2,6058.2,1
2023-05-12 09:30:24,6055.4,84,6055.4,2,6056.4,1,6058.66,1
2023-05-12 09:30:25,6055.4,85,6055.4,1,6056.2,2,6058.9,1
2023-05-12 09:30:25,6056.2,87,6056.0,1,6057.2,1,6059.24,1
2023-05-12 09:30:26,6057.4,90,6055.4,1,6057.6,1,6059.18,1
2023-05-12 09:30:26,6057.8,92,6057.6,1,6060.6,1,6058.9400000000005,1
2023-05-12 09:30:27,6059.8,95,6057.8,1,6059.8,1,6058.5,0
2023-05-12 09:30:27,6060.0,98,6057.8,1,6060.2,2,6058.18,0
2023-05-12 09:30:28,6060.0,100,6058.2,2,6061.2,1,6057.860000000001,0
2023-05-12 09:30:28,6060.0,100,6058.4,4,6060.6,1,6057.54,0
2023-05-12 09:30:29,6060.0,100,6058.4,4,6061.0,1,6057.22,0
2023-05-12 09:30:29,6060.0,100,6058.4,3,6060.8,3,6056.76,0
2023-05-12 09:30:30,6057.8,103,6056.8,1,6060.6,2,6056.52,0
2023-05-12 09:30:30,6059.6,104,6056.8,1,6059.6,1,6056.1,0
2023-05-12 09:30:31,6056.8,105,6055.6,1,6058.8,2,6056.139999999999,0
2023-05-12 09:30:31,6055.4,106,6053.4,1,6057.6,1,6056.339999999999,1
2023-05-12 09:30:32,6055.4,106,6054.6,2,6056.8,1,6056.54,1
2023-05-12 09:30:32,6056.8,107,6054.2,1,6056.6,3,6056.5,0
2023-05-12 09:30:33,6056.8,107,6054.4,1,6056.6,2,6056.459999999999,0
2023-05-12 09:30:33,6056.8,107,6054.8,2,6057.0,2,6056.64,0
2023-05-12 09:30:34,6056.8,107,6055.0,1,6055.2,1,6056.82,1
2023-05-12 09:30:34,6055.4,108,6055.2,1,6057.4,1,6057.139999999999,1
2023-05-12 09:30:35,6055.4,108,6055.2,1,6056.4,1,6057.460000000001,1
2023-05-12 09:30:35,6055.4,108,6054.2,1,6056.4,1,6057.780000000001,1
2023-05-12 09:30:36,6057.2,114,6055.2,2,6057.2,2,6057.92,1
2023-05-12 09:30:36,6057.4,118,6055.4,1,6058.4,1,6058.04,1
2023-05-12 09:30:37,6057.4,118,6056.2,2,6058.6,1,6058.160000000001,1
2023-05-12 09:30:37,6056.4,119,6056.4,3,6058.4,2,6058.38,1
2023-05-12 09:30:38,6056.4,119,6056.6,2,6058.4,2,6058.6,1
2023-05-12 09:30:38,6058.6,120,6058.6,4,6059.8,1,6058.66,1
2023-05-12 09:30:39,6058.6,120,6058.6,4,6059.6,3,6058.72,1
2023-05-12 09:30:39,6058.6,124,6056.8,1,6059.4,1,6058.76,1
2023-05-12 09:30:40,6058.6,124,6057.4,2,6059.2,2,6058.8,1
2023-05-12 09:30:40,6058.6,124,6057.0,1,6059.2,2,6058.84,1
2023-05-12 09:30:41,6058.6,124,6057.0,1,6059.0,1,6058.76,1
2023-05-12 09:30:41,6058.6,124,6057.2,1,6058.8,1,6058.68,1
2023-05-12 09:30:42,6058.6,125,6057.4,2,6058.8,1,6058.6,0
2023-05-12 09:30:42,6058.6,125,6057.6,1,6058.8,1,6058.52,0
2023-05-12 09:30:43,6058.6,125,6058.0,1,6059.2,1,6058.4400000000005,0
2023-05-12 09:30:44,6059.2,128,6058.2,5,6061.2,1,6058.06,0
2023-05-12 09:30:44,6059.2,128,6058.8,1,6059.0,2,6057.679999999999,0
2023-05-12 09:30:45,6059.0,130,6058.2,4,6061.0,2,6057.32,0
2023-05-12 09:30:45,6059.0,130,6058.4,2,6060.6,2,6057.1,0
2023-05-12 09:30:46,6059.0,130,6058.2,3,6060.2,1,6056.879999999999,0
2023-05-12 09:30:46,6057.8,136,6057.0,1,6059.8,1,6056.84,0
2023-05-12 09:30:47,6057.8,136,6056.2,1,6059.2,2,6056.8,0
2023-05-12 09:30:47,6057.8,136,6055.6,2,6058.6,2,6056.76,0
2023-05-12 09:30:48,6057.8,136,6055.8,1,6058.0,2,6056.719999999999,0
2023-05-12 09:30:48,6057.8,136,6055.6,1,6057.8,4,6056.679999999999,0
2023-05-12 09:30:49,6055.4,137,6055.2,2,6057.6,4,6056.879999999999,1
2023-05-12 09:30:49,6055.4,137,6055.2,2,6057.4,4,6057.08,1
2023-05-12 09:30:50,6055.4,137,6055.2,2,6056.8,2,6057.28,1
2023-05-12 09:30:50,6056.8,142,6055.2,2,6057.4,4,6057.26,1
2023-05-12 09:30:51,6056.8,142,6055.6,1,6057.0,1,6057.24,1
2023-05-12 09:30:51,6057.4,148,6055.2,2,6057.6,3,6057.16,0
2023-05-12 09:30:52,6057.4,148,6055.6,4,6057.6,1,6057.24,0
2023-05-12 09:30:52,6057.4,148,6055.8,3,6057.2,2,6057.32,0
2023-05-12 09:30:53,6057.4,150,6056.2,1,6060.0,1,6057.4,0
2023-05-12 09:30:53,6057.4,150,6056.8,2,6058.4,1,6057.5,1
2023-05-12 09:30:54,6057.4,150,6056.8,2,6058.4,1,6057.6,1
2023-05-12 09:30:54,6057.4,150,6056.6,2,6058.2,2,6057.66,1
2023-05-12 09:30:55,6057.4,150,6056.6,2,6058.2,2,6057.84,1
2023-05-12 09:30:55,6056.6,151,6056.6,1,6058.0,2,6058.06,1
2023-05-12 09:30:56,6056.6,151,6056.8,2,6058.2,2,6058.4,1
2023-05-12 09:30:56,6056.6,151,6056.8,2,6058.2,2,6058.74,1
2023-05-12 09:30:57,6058.2,153,6056.8,2,6059.2,3,6059.039999999999,1
2023-05-12 09:30:57,6058.2,153,6057.2,1,6058.4,2,6059.339999999999,1
2023-05-12 09:30:58,6058.2,153,6056.6,1,6058.2,2,6059.64,1
2023-05-12 09:30:59,6058.4,155,6057.2,1,6058.6,1,6060.12,1
2023-05-12 09:30:59,6058.4,155,6057.4,1,6058.0,1,6060.6,1
2023-05-12 09:31:00,6058.0,156,6057.0,1,6058.8,2,6061.2,1
2023-05-12 09:31:00,6059.2,159,6057.4,1,6058.8,2,6061.719999999999,1
2023-05-12 09:31:01,6058.8,161,6057.8,2,6060.2,1,6062.3,1
2023-05-12 09:31:01,6060.0,165,6058.6,2,6060.0,2,6062.76,1
2023-05-12 09:31:02,6060.0,167,6059.0,1,6061.2,1,6063.06,1
2023-05-12 09:31:02,6061.2,168,6059.6,1,6062.2,1,6063.26,1
2023-05-12 09:31:03,6061.2,168,6060.2,2,6064.0,1,6063.639999999999,1
2023-05-12 09:31:03,6061.2,168,6061.6,2,6063.2,1,6064.02,1
2023-05-12 09:31:04,6063.2,170,6061.8,2,6064.0,1,6064.2,1
2023-05-12 09:31:04,6063.2,170,6062.0,1,6063.0,1,6064.379999999999,1
2023-05-12 09:31:05,6064.0,172,6062.2,2,6064.6,1,6064.48,1
2023-05-12 09:31:05,6064.4,173,6063.0,1,6064.6,1,6064.54,1
2023-05-12 09:31:06,6064.6,176,6063.2,1,6066.0,1,6064.66,1
2023-05-12 09:31:06,6064.6,176,6063.2,1,6064.4,1,6064.780000000001,1
2023-05-12 09:31:07,6063.0,178,6062.4,1,6063.2,1,6065.06,1
2023-05-12 09:31:07,6063.2,179,6062.4,1,6065.4,1,6065.34,1
2023-05-12 09:31:08,6065.0,180,6061.8,2,6065.2,2,6065.4400000000005,1
2023-05-12 09:31:08,6065.0,180,6062.4,2,6064.8,2,6065.7,1
2023-05-12 09:31:09,6065.0,181,6062.8,1,6065.2,1,6065.960000000001,1
2023-05-12 09:31:09,6065.0,181,6063.6,1,6065.4,1,6066.22,1
2023-05-12 09:31:10,6065.0,181,6064.4,1,6065.8,1,6066.54,1
2023-05-12 09:31:10,6065.0,181,6065.0,1,6065.8,1,6066.860000000001,1
2023-05-12 09:31:11,6065.8,183,6064.8,3,6066.0,1,6066.9800000000005,1
2023-05-12 09:31:11,6065.8,183,6065.0,1,6066.0,1,6067.1,1
2023-05-12 09:31:12,6065.8,183,6065.2,1,6066.0,1,6067.120000000001,1
2023-05-12 09:31:12,6066.0,184,6065.8,1,6066.6,1,6067.18,1
2023-05-12 09:31:13,6066.0,184,6066.6,1,6069.0,1,6067.24,1
2023-05-12 09:31:13,6067.6,185,6066.8,1,6067.8,3,6067.14,0
2023-05-12 09:31:14,6067.6,185,6066.6,1,6068.6,1,6067.04,0
2023-05-12 09:31:14,6067.6,185,6066.8,1,6068.6,1,6066.9400000000005,0
2023-05-12 09:31:15,6068.2,186,6067.0,3,6068.6,1,6066.780000000001,0
2023-05-12 09:31:15,6068.2,186,6067.0,2,6068.6,1,6066.62,0
2023-05-12 09:31:16,6067.0,187,6066.0,3,6066.6,1,6066.58,0
2023-05-12 09:31:16,6067.0,187,6066.0,3,6066.6,1,6066.54,0
2023-05-12 09:31:17,6066.0,189,6065.2,1,6066.6,1,6066.6,1
2023-05-12 09:31:17,6066.6,193,6066.6,2,6068.4,2,6066.6,0
2023-05-12 09:31:18,6066.6,195,6063.2,1,6066.6,1,6066.6,0
2023-05-12 09:31:18,6066.6,195,6064.2,1,6066.2,1,6066.6,0
2023-05-12 09:31:19,6066.6,195,6064.6,3,6066.6,1,6066.6,0
2023-05-12 09:31:19,6066.6,195,6065.2,1,6066.6,1,6066.64,1
2023-05-12 09:31:20,6066.6,195,6066.2,5,6066.6,1,6066.68,1
2023-05-12 09:31:20,6066.6,195,6066.2,5,6068.4,1,6066.72,1
2023-05-12 09:31:21,6066.6,195,6066.6,2,6067.6,1,6066.76,1
2023-05-12 09:31:21,6066.6,195,6066.4,2,6068.2,1,6066.8,1
2023-05-12 09:31:22,6066.6,195,6066.8,3,6069.0,1,6066.84,1
2023-05-12 09:31:22,6066.6,195,6067.4,1,6069.0,2,6066.88,1
2023-05-12 09:31:23,6066.6,195,6067.0,1,6069.0,3,6066.92,1
2023-05-12 09:31:23,6066.6,195,6067.2,2,6069.0,3,6066.96,1
2023-05-12 09:31:24,6066.6,195,6066.8,1,6067.0,2,6067.0,1
2023-05-12 09:31:24,6067.0,197,6066.2,5,6068.6,1,6067.0,0
2023-05-12 09:31:25,6067.0,197,6066.4,3,6068.0,1,6067.0,0
2023-05-12 09:31:25,6067.0,197,6066.4,3,6068.4,2,6067.0,0
2023-05-12 09:31:26,6067.0,197,6066.8,1,6068.2,1,6067.0,0
2023-05-12 09:31:26,6067.0,197,6066.8,1,6068.6,1,6067.08,1
2023-05-12 09:31:27,6067.0,197,6066.8,1,6068.6,1,6067.16,1
2023-05-12 09:31:29,6067.0,197,6067.2,1,6068.8,1,6067.24,1
2023-05-12 09:31:30,6067.0,197,6067.6,1,6069.0,1,6067.4,1
2023-05-12 09:31:30,6067.0,197,6068.0,1,6069.0,1,6067.56,1
2023-05-12 09:31:31,6067.0,197,6068.2,2,6071.8,1,6067.58,1
2023-05-12 09:31:31,6067.0,197,6068.6,1,6069.6,4,6067.660000000001,1
2023-05-12 09:31:32,6067.0,197,6068.6,1,6069.8,1,6067.74,1
2023-05-12 09:31:32,6067.0,197,6067.8,1,6069.4,2,6067.820000000001,1
2023-05-12 09:31:33,6067.0,197,6067.4,1,6067.8,1,6068.0,1
2023-05-12 09:31:33,6067.8,198,6066.2,5,6069.2,1,6068.14,1
2023-05-12 09:31:34,6067.8,198,6066.8,1,6068.8,1,6068.280000000001,1
2023-05-12 09:31:34,6067.8,198,6067.2,1,6068.6,1,6068.42,1
2023-05-12 09:31:35,6068.6,199,6067.2,1,6068.8,1,6068.4400000000005,0
2023-05-12 09:31:35,6068.6,199,6067.2,1,6068.0,2,6068.68,1
2023-05-12 09:31:36,6067.2,200,6066.8,1,6068.0,2,6069.06,1
2023-05-12 09:31:36,6067.8,201,6066.8,1,6068.8,1,6069.38,1
2023-05-12 09:31:37,6067.8,201,6067.2,1,6068.8,1,6069.7,1
2023-05-12 09:31:37,6067.8,201,6067.6,1,6068.8,1,6070.02,1
2023-05-12 09:31:38,6068.8,202,6067.6,1,6069.6,1,6070.24,1
2023-05-12 09:31:38,6069.2,203,6067.8,4,6069.8,1,6070.42,1
2023-05-12 09:31:39,6069.2,203,6068.0,2,6069.8,1,6070.6,1
2023-05-12 09:31:39,6069.2,203,6068.2,4,6068.8,1,6070.620000000001,1
2023-05-12 09:31:40,6068.8,204,6071.0,1,6071.6,1,6070.7,1
2023-05-12 09:31:40,6071.0,205,6068.4,1,6070.8,3,6070.6,0
2023-05-12 09:31:41,6071.0,205,6070.0,2,6070.6,1,6070.5,0
2023-05-12 09:31:41,6071.0,205,6070.0,2,6070.6,1,6070.4,0
2023-05-12 09:31:42,6071.0,205,6069.0,2,6070.6,1,6070.3,0
2023-05-12 09:31:42,6071.0,205,6069.6,1,6070.6,1,6070.2,0
2023-05-12 09:31:43,6071.0,205,6069.2,1,6070.6,1,6070.1,0
2023-05-12 09:31:43,6071.0,205,6069.2,1,6070.4,1,6070.0,0
2023-05-12 09:31:44,6071.0,205,6069.2,1,6070.0,1,6069.96,0
2023-05-12 09:31:44,6069.4,207,6069.4,1,6069.8,1,6070.08,1
2023-05-12 09:31:45,6069.6,209,6069.4,1,6070.6,1,6070.18,1
2023-05-12 09:31:45,6070.0,211,6069.8,3,6071.8,1,6070.24,1
2023-05-12 09:31:46,6070.0,211,6070.6,1,6071.6,1,6070.3,1
2023-05-12 09:31:46,6070.0,211,6071.0,1,6074.8,1,6070.360000000001,1
2023-05-12 09:31:47,6070.0,211,6071.2,2,6072.6,4,6070.42,1
2023-05-12 09:31:47,6070.0,211,6070.2,1,6072.2,1,6070.4800000000005,1
2023-05-12 09:31:48,6070.0,211,6070.6,2,6072.0,2,6070.54,1
2023-05-12 09:31:48,6070.0,211,6070.6,1,6072.0,1,6070.6,1
2023-05-12 09:31:49,6070.6,212,6070.6,1,6072.0,1,6070.6,0
2023-05-12 09:31:49,6070.6,212,6071.0,2,6072.6,3,6070.6,0
2023-05-12 09:31:50,6070.6,212,6071.4,1,6072.6,1,6070.6,0
2023-05-12 09:31:50,6070.6,212,6071.0,2,6072.6,1,6070.6,0
2023-05-12 09:31:51,6070.6,212,6071.0,2,6074.2,1,6070.6,0
2023-05-12 09:31:51,6070.6,212,6071.4,1,6073.0,1,6070.6,0
2023-05-12 09:31:52,6070.6,212,6071.2,1,6073.0,1,6070.6,0
2023-05-12 09:31:52,6070.6,212,6071.2,1,6072.8,1,6070.6,0
2023-05-12 09:31:53,6070.6,212,6071.2,1,6072.8,1,6070.6,0
2023-05-12 09:31:53,6070.6,212,6071.2,1,6073.0,1,6070.6,0
2023-05-12 09:31:54,6070.6,212,6071.0,1,6072.4,1,6070.6,0
2023-05-12 09:31:54,6070.6,212,6070.6,1,6072.2,1,6070.68,1
2023-05-12 09:31:55,6070.6,213,6070.4,1,6072.2,1,6070.76,1
2023-05-12 09:31:55,6070.6,213,6070.2,1,6072.0,1,6070.84,1
2023-05-12 09:31:56,6070.6,213,6070.4,1,6071.8,1,6070.8,1
2023-05-12 09:31:56,6070.6,213,6070.6,2,6072.0,1,6070.74,1
2023-05-12 09:31:57,6070.6,213,6070.8,2,6072.0,1,6070.68,1
2023-05-12 09:31:57,6070.6,213,6071.2,1,6072.8,1,6070.5,0
2023-05-12 09:31:58,6070.6,213,6071.4,1,6072.8,1,6070.32,0
2023-05-12 09:31:58,6070.6,214,6071.6,1,6072.8,1,6070.14,0
2023-05-12 09:31:59,6070.6,214,6071.4,1,6072.8,1,6070.0,0
2023-05-12 09:31:59,6071.4,215,6070.4,1,6072.8,1,6069.780000000001,0
2023-05-12 09:32:00,6071.4,215,6070.2,1,6072.4,2,6069.56,0
2023-05-12 09:32:00,6071.4,215,6070.2,1,6072.0,1,6069.339999999999,0
2023-05-12 09:32:01,6070.2,216,6070.0,2,6071.6,3,6069.24,0
2023-05-12 09:32:01,6070.0,218,6067.2,1,6070.2,1,6069.2,0
2023-05-12 09:32:02,6070.0,218,6068.4,3,6070.2,1,6069.16,0
2023-05-12 09:32:02,6068.8,219,6068.4,1,6070.0,1,6069.28,1
2023-05-12 09:32:03,6068.8,219,6068.2,2,6069.6,1,6069.42,1
2023-05-12 09:32:03,6068.8,219,6068.2,2,6069.2,1,6069.58,1
2023-05-12 09:32:04,6069.2,220,6068.4,1,6069.6,1,6069.7,1
2023-05-12 09:32:04,6069.2,220,6069.2,1,6070.2,1,6069.82,1
2023-05-12 09:32:05,6069.2,221,6068.8,1,6070.2,1,6069.9400000000005,1
2023-05-12 09:32:05,6069.2,221,6067.8,1,6069.8,3,6070.06,1
2023-05-12 09:32:06,6069.2,221,6067.8,1,6068.8,1,6070.179999999999,1
2023-05-12 09:32:06,6069.6,223,6067.8,1,6069.8,4,6070.26,1
2023-05-12 09:32:07,6069.6,223,6068.2,1,6069.8,3,6070.46,1
2023-05-12 09:32:07,6070.0,225,6068.4,4,6070.2,1,6070.74,1
2023-05-12 09:32:08,6070.2,226,6068.8,1,6070.4,2,6071.099999999999,1
2023-05-12 09:32:08,6070.4,228,6069.2,1,6071.6,1,6071.42,1
2023-05-12 09:32:09,6070.4,228,6069.6,3,6071.6,1,6071.76,1
2023-05-12 09:32:09,6070.4,228,6070.2,1,6071.8,2,6072.1,1
2023-05-12 09:32:10,6070.4,228,6070.4,2,6071.6,1,6072.44,1
2023-05-12 09:32:10,6070.4,228,6069.8,1,6071.4,2,6072.780000000001,1
2023-05-12 09:32:11,6070.4,228,6070.0,1,6071.4,2,6073.120000000001,1
2023-05-12 09:32:11,6070.4,228,6070.2,1,6071.6,1,6073.46,1
2023-05-12 09:32:12,6071.6,229,6071.4,1,6072.8,1,6073.68,1
2023-05-12 09:32:13,6072.8,230,6071.8,2,6074.6,1,6073.6,1
2023-05-12 09:32:13,6073.8,232,6072.0,3,6073.8,1,6073.42,0
2023-05-12 09:32:14,6073.6,233,6072.4,3,6074.0,1,6073.3,0
2023-05-12 09:32:14,6073.8,234,6072.6,2,6074.6,1,6073.160000000001,0
2023-05-12 09:32:15,6073.8,234,6072.8,1,6074.2,3,6073.02,0
2023-05-12 09:32:15,6073.8,234,6072.0,1,6074.0,1,6072.679999999999,0
2023-05-12 09:32:16,6073.8,234,6072.0,1,6072.8,1,6072.32,0
2023-05-12 09:32:16,6073.8,234,6071.6,1,6072.0,1,6071.92,0
2023-05-12 09:32:17,6073.8,234,6071.8,1,6072.0,1,6071.74,0
2023-05-12 09:32:17,6073.8,234,6071.6,1,6072.0,1,6071.56,0
2023-05-12 09:32:18,6072.0,235,6072.0,1,6072.6,2,6071.56,0
2023-05-12 09:32:18,6072.0,235,6072.4,1,6072.6,2,6071.56,0
2023-05-12 09:32:19,6072.4,236,6072.0,1,6072.6,2,6071.52,0
2023-05-12 09:32:19,6072.4,236,6072.0,1,6072.6,2,6071.24,0
2023-05-12 09:32:20,6072.4,236,6072.0,1,6072.6,2,6071.02,0
2023-05-12 09:32:21,6070.4,242,6068.8,1,6072.0,1,6071.0,1
2023-05-12 09:32:21,6070.2,243,6069.8,1,6071.4,2,6071.0,1
2023-05-12 09:32:22,6069.8,244,6069.6,1,6071.0,1,6071.04,1
2023-05-12 09:32:22,6072.0,245,6069.6,1,6072.2,3,6070.86,0
2023-05-12 09:32:23,6072.0,245,6069.8,1,6070.8,1,6070.68,0
2023-05-12 09:32:23,6072.0,245,6069.6,1,6071.0,1,6070.5,0
2023-05-12 09:32:24,6072.0,245,6069.6,1,6070.8,2,6070.32,0
2023-05-12 09:32:24,6072.0,245,6069.6,1,6070.6,2,6070.14,0
2023-05-12 09:32:25,6069.6,246,6069.0,3,6070.2,1,6070.2,1
2023-05-12 09:32:25,6070.2,247,6069.0,2,6070.6,2,6070.199999999999,0
2023-05-12 09:32:26,6070.2,247,6069.4,3,6072.0,1,6070.2,0
2023-05-12 09:32:26,6070.2,247,6069.6,2,6071.8,1,6070.2,0
2023-05-12 09:32:27,6070.2,247,6070.0,1,6071.8,1,6070.219999999999,1
2023-05-12 09:32:27,6070.2,247,6070.2,1,6072.4,1,6070.24,1
2023-05-12 09:32:28,6070.2,247,6069.8,2,6071.8,2,6070.259999999999,1
2023-05-12 09:32:28,6070.2,247,6069.8,1,6071.0,1,6070.339999999999,1
2023-05-12 09:32:29,6070.2,247,6069.6,2,6071.6,1,6070.42,1
2023-05-12 09:32:29,6070.2,247,6069.6,2,6071.4,2,6070.499999999999,1
2023-05-12 09:32:30,6070.2,247,6069.8,1,6071.8,2,6070.58,1
2023-05-12 09:32:30,6070.2,247,6069.8,1,6071.6,1,6070.66,1
2023-05-12 09:32:31,6070.2,247,6069.8,1,6071.0,1,6070.74,1
2023-05-12 09:32:31,6070.2,247,6069.6,2,6070.8,1,6070.719999999999,1
2023-05-12 09:32:32,6070.4,248,6069.6,2,6070.6,2,6070.64,1
2023-05-12 09:32:32,6070.4,248,6069.6,2,6071.0,1,6070.56,1
2023-05-12 09:32:33,6070.4,248,6070.0,1,6071.0,1,6070.4800000000005,1
2023-05-12 09:32:33,6071.0,249,6070.0,1,6072.6,2,6070.34,0
2023-05-12 09:32:34,6071.0,249,6070.2,1,6072.2,2,6070.200000000001,0
2023-05-12 09:32:34,6071.0,249,6069.8,3,6072.0,1,6070.06,0
2023-05-12 09:32:35,6071.0,249,6070.0,2,6072.0,1,6069.92,0
2023-05-12 09:32:35,6071.0,249,6070.0,1,6071.8,2,6069.780000000001,0
2023-05-12 09:32:37,6071.0,249,6070.2,1,6071.8,2,6069.6,0
2023-05-12 09:32:38,6070.0,250,6069.6,2,6071.6,1,6069.52,0
2023-05-12 09:32:38,6069.6,252,6068.0,1,6071.4,3,6069.4800000000005,0
2023-05-12 09:32:39,6069.6,252,6068.4,1,6070.8,1,6069.4400000000005,0
2023-05-12 09:32:39,6069.6,252,6068.6,5,6070.6,2,6069.4,0
2023-05-12 09:32:40,6069.6,252,6068.8,1,6070.6,2,6069.360000000001,0
2023-05-12 09:32:40,6069.6,252,6068.8,1,6071.2,1,6069.32,0
2023-05-12 09:32:41,6069.6,252,6069.2,1,6071.0,2,6069.28,0
2023-05-12 09:32:41,6069.6,252,6069.4,1,6071.2,1,6069.3,0
2023-05-12 09:32:42,6069.6,252,6069.0,1,6071.0,2,6069.320000000001,0
2023-05-12 09:32:42,6069.2,253,6068.8,1,6070.8,1,6069.379999999999,1
2023-05-12 09:32:43,6069.2,253,6068.8,1,6070.6,2,6069.4400000000005,1
2023-05-12 09:32:43,6069.2,253,6068.8,1,6070.4,1,6069.5,1
2023-05-12 09:32:44,6069.2,253,6068.2,3,6070.2,2,6069.56,1
2023-05-12 09:32:44,6069.2,253,6068.4,1,6070.0,2,6069.620000000001,1
2023-05-12 09:32:45,6069.2,253,6068.4,1,6069.6,1,6069.679999999999,1
2023-05-12 09:32:45,6069.2,253,6068.4,1,6069.8,2,6069.74,1
2023-05-12 09:32:47,6069.2,253,6068.2,1,6069.8,2,6069.800000000001,1
2023-05-12 09:32:47,6069.8,255,6069.8,3,6070.0,1,6069.8,0
2023-05-12 09:32:48,6069.8,258,6066.4,1,6069.6,2,6069.8,0
2023-05-12 09:32:48,6069.8,258,6067.2,1,6069.4,2,6069.8,0
2023-05-12 09:32:49,6069.8,258,6067.4,2,6069.6,1,6069.8,0
2023-05-12 09:32:49,6069.8,258,6067.6,1,6069.6,1,6069.8,0
2023-05-12 09:32:50,6069.8,258,6067.8,2,6069.6,1,6069.8,0
2023-05-12 09:32:50,6069.8,258,6068.0,1,6069.6,1,6069.8,0
2023-05-12 09:32:51,6069.8,258,6067.8,1,6069.6,1,6069.800000000001,1
2023-05-12 09:32:51,6069.8,258,6068.0,1,6069.6,1,6069.8,0
2023-05-12 09:32:52,6069.8,258,6068.4,1,6069.6,1,6069.8,0
2023-05-12 09:32:53,6069.8,258,6068.4,1,6069.6,1,6069.8,0
2023-05-12 09:32:53,6069.8,259,6068.6,1,6070.4,1,6069.8,0
2023-05-12 09:32:54,6069.8,259,6068.6,1,6070.8,1,6069.8,0
2023-05-12 09:32:55,6069.8,259,6069.0,1,6070.8,1,6069.8,0
2023-05-12 09:32:55,6069.8,259,6068.8,1,6070.8,1,6069.9400000000005,1
2023-05-12 09:32:56,6069.8,259,6069.0,2,6070.8,1,6070.08,1
2023-05-12 09:32:57,6069.8,259,6069.0,2,6072.0,1,6070.219999999999,1
2023-05-12 09:32:57,6069.8,259,6069.2,1,6071.4,1,6070.36,1
2023-05-12 09:32:58,6069.8,259,6069.2,1,6071.4,1,6070.5,1
2023-05-12 09:32:58,6069.8,259,6069.4,2,6071.6,1,6070.64,1
2023-05-12 09:32:59,6069.8,259,6069.6,2,6071.8,1,6070.92,1
2023-05-12 09:32:59,6069.8,259,6069.8,1,6071.6,1,6071.219999999999,1
2023-05-12 09:33:00,6069.8,259,6069.6,1,6071.4,1,6071.52,1
2023-05-12 09:33:00,6069.8,259,6069.6,1,6071.4,2,6071.820000000001,1
2023-05-12 09:33:01,6071.2,260,6070.0,1,6071.8,1,6071.839999999999,1
2023-05-12 09:33:01,6071.2,260,6071.0,1,6072.6,2,6071.84,1
2023-05-12 09:33:02,6071.2,260,6070.2,1,6072.2,1,6071.839999999999,1
2023-05-12 09:33:02,6071.2,260,6070.8,2,6072.4,1,6071.84,1
2023-05-12 09:33:03,6071.2,260,6070.8,2,6072.4,1,6071.84,1
2023-05-12 09:33:04,6071.2,260,6071.0,2,6072.6,2,6071.839999999999,1
2023-05-12 09:33:04,6072.6,262,6071.2,2,6072.8,1,6071.7,0
2023-05-12 09:33:05,6072.8,263,6071.4,2,6074.8,1,6071.539999999999,0
2023-05-12 09:33:05,6072.8,263,6071.6,1,6074.2,1,6071.38,0
2023-05-12 09:33:06,6072.8,263,6071.4,1,6073.8,1,6071.219999999999,0
2023-05-12 09:33:06,6071.4,264,6071.2,1,6073.6,2,6071.2,0
2023-05-12 09:33:07,6071.2,265,6069.6,1,6073.0,4,6071.2,0
2023-05-12 09:33:07,6071.2,265,6069.8,1,6072.4,1,6071.2,0
2023-05-12 09:33:08,6071.2,265,6069.4,2,6072.2,2,6071.36,1
2023-05-12 09:33:08,6071.2,265,6069.6,3,6072.0,1,6071.52,1
2023-05-12 09:33:09,6071.2,265,6069.8,3,6071.4,2,6071.52,1
2023-05-12 09:33:09,6071.2,265,6069.8,3,6071.8,1,6071.52,1
2023-05-12 09:33:10,6071.2,265,6069.8,3,6071.8,1,6071.52,1
2023-05-12 09:33:10,6071.2,265,6070.0,1,6071.8,1,6071.52,1
2023-05-12 09:33:11,6071.2,265,6070.0,1,6071.8,1,6071.52,1
2023-05-12 09:33:11,6071.2,265,6070.0,1,6071.8,1,6071.52,1
2023-05-12 09:33:12,6071.2,265,6071.0,1,6072.2,1,6071.4,1
2023-05-12 09:33:12,6071.2,265,6071.0,2,6072.2,1,6071.280000000001,1
2023-05-12 09:33:13,6072.8,267,6071.0,1,6072.8,1,6071.0,0
2023-05-12 09:33:13,6072.8,267,6072.2,1,6072.8,1,6070.719999999999,0
2023-05-12 09:33:14,6071.2,270,6071.2,1,6072.2,1,6070.6,0
2023-05-12 09:33:14,6071.2,271,6071.2,1,6072.2,1,6070.4800000000005,0
2023-05-12 09:33:15,6071.2,272,6069.8,3,6071.8,1,6070.52,0
2023-05-12 09:33:15,6071.2,272,6070.0,2,6072.2,2,6070.56,0
2023-05-12 09:33:16,6071.2,272,6070.0,2,6071.8,3,6070.66,0
2023-05-12 09:33:16,6071.2,272,6070.0,2,6071.6,3,6070.76,0
2023-05-12 09:33:17,6070.0,274,6068.2,1,6071.4,1,6070.9800000000005,1
2023-05-12 09:33:17,6070.0,274,6068.8,1,6071.2,3,6071.2,1
2023-05-12 09:33:18,6070.0,274,6069.0,2,6071.0,1,6071.42,1
2023-05-12 09:33:18,6070.0,274,6069.4,1,6071.2,2,6071.639999999999,1
2023-05-12 09:33:19,6070.0,274,6069.4,1,6071.2,1,6071.86,1
2023-05-12 09:33:19,6070.0,274,6069.6,1,6071.6,2,6072.08,1
2023-05-12 09:33:20,6071.6,276,6070.0,1,6072.0,1,6072.139999999999,1
2023-05-12 09:33:20,6071.6,276,6070.6,1,6072.2,1,6072.2,1
2023-05-12 09:33:21,6072.2,277,6071.2,3,6073.6,1,6072.2,0
2023-05-12 09:33:21,6072.2,277,6071.6,1,6074.4,1,6072.2,0
2023-05-12 09:33:22,6072.2,277,6072.0,1,6074.2,2,6072.2,0
2023-05-12 09:33:22,6072.2,277,6071.8,1,6073.6,1,6072.2,0
2023-05-12 09:33:23,6072.2,277,6071.8,1,6073.6,1,6072.3,1
2023-05-12 09:33:23,6072.2,277,6071.8,1,6073.6,1,6072.4,1
2023-05-12 09:33:24,6072.2,277,6071.4,1,6073.4,2,6072.499999999999,1
2023-05-12 09:33:24,6072.2,277,6071.2,3,6073.2,1,6072.6,1
2023-05-12 09:33:25,6072.2,277,6071.4,2,6073.2,1,6072.7,1
2023-05-12 09:33:25,6072.2,277,6071.6,1,6073.2,1,6072.8,1
2023-05-12 09:33:26,6072.2,277,6071.4,1,6074.2,1,6072.9,1
2023-05-12 09:33:26,6072.2,277,6071.2,2,6073.8,1,6073.0,1
2023-05-12 09:33:27,6072.2,277,6071.2,2,6073.6,1,6073.1,1
2023-05-12 09:33:27,6072.2,277,6071.4,4,6073.6,1,6073.2,1
2023-05-12 09:33:28,6073.2,278,6071.6,1,6074.2,1,6073.199999999999,0
2023-05-12 09:33:28,6073.2,278,6072.0,1,6074.8,1,6073.2,0
2023-05-12 09:33:29,6073.2,278,6072.4,1,6074.6,2,6073.2,0
2023-05-12 09:33:29,6073.2,278,6072.8,1,6074.6,1,6073.2,0
2023-05-12 09:33:30,6073.2,278,6073.0,1,6074.6,1,6073.2,0
2023-05-12 09:33:31,6073.2,278,6073.0,1,6074.4,1,6073.2,0
2023-05-12 09:33:31,6073.2,278,6072.6,2,6074.4,1,6073.2,0
2023-05-12 09:33:32,6073.2,278,6072.6,1,6074.2,1,6073.2,0
2023-05-12 09:33:32,6073.2,278,6072.6,1,6074.4,1,6073.199999999999,0
2023-05-12 09:33:33,6073.2,278,6072.8,1,6074.4,1,6073.2,0
2023-05-12 09:33:35,6073.2,278,6072.8,1,6074.6,1,6073.2,0
2023-05-12 09:33:36,6073.2,278,6073.6,1,6074.4,1,6073.339999999999,1
2023-05-12 09:33:36,6073.2,278,6073.6,1,6074.4,1,6073.4800000000005,1
2023-05-12 09:33:37,6073.2,278,6072.8,1,6074.6,1,6073.620000000001,1
2023-05-12 09:33:37,6073.2,278,6073.6,1,6074.6,1,6073.76,1
2023-05-12 09:33:38,6073.2,278,6073.8,1,6075.4,1,6073.9800000000005,1
2023-05-12 09:33:38,6073.2,278,6073.8,1,6075.2,1,6074.2,1
2023-05-12 09:33:39,6073.2,278,6074.6,5,6075.4,1,6074.42,1
2023-05-12 09:33:39,6073.2,278,6074.6,5,6075.4,1,6074.64,1
2023-05-12 09:33:40,6073.2,278,6074.8,1,6075.4,1,6074.86,1
2023-05-12 09:33:40,6073.2,278,6074.6,5,6075.4,1,6075.08,1
2023-05-12 09:33:41,6074.6,283,6074.0,2,6075.4,1,6075.16,1
2023-05-12 09:33:42,6074.6,283,6074.4,2,6075.4,1,6075.24,1
2023-05-12 09:33:42,6074.6,283,6074.4,1,6075.4,1,6075.32,1
2023-05-12 09:33:43,6074.6,283,6074.4,1,6075.4,1,6075.4,1
2023-05-12 09:33:43,6075.4,284,6074.4,1,6076.0,3,6075.4,0
2023-05-12 09:33:44,6075.4,284,6074.6,1,6076.0,3,6075.4,0
2023-05-12 09:33:44,6075.4,284,6074.4,1,6075.6,1,6075.4,0
2023-05-12 09:33:45,6075.4,284,6074.0,2,6075.6,1,6075.379999999999,0
2023-05-12 09:33:46,6075.4,284,6073.6,1,6075.2,1,6075.379999999999,0
2023-05-12 09:33:46,6075.4,284,6073.6,1,6075.2,1,6075.379999999999,0
2023-05-12 09:33:47,6075.4,284,6073.6,1,6075.6,1,6075.4400000000005,1
2023-05-12 09:33:48,6075.4,284,6073.8,1,6075.4,1,6075.5,1
2023-05-12 09:33:48,6075.4,284,6073.6,1,6075.4,1,6075.56,1
2023-05-12 09:33:49,6075.4,284,6073.8,2,6075.2,1,6075.62,1
2023-05-12 09:33:49,6075.4,284,6073.6,1,6075.2,1,6075.68,1
2023-05-12 09:33:50,6075.4,284,6073.6,1,6075.2,1,6075.74,1
2023-05-12 09:33:50,6075.4,284,6073.8,1,6075.2,1,6075.8,1
2023-05-12 09:33:51,6075.2,285,6074.0,1,6075.4,1,6075.88,1
2023-05-12 09:33:51,6075.4,286,6074.2,3,6076.0,3,6075.9400000000005,1
2023-05-12 09:33:52,6075.4,286,6074.6,1,6076.0,3,6076.0,1
2023-05-12 09:33:52,6076.0,289,6074.8,2,6078.6,1,6076.0,0
2023-05-12 09:33:53,6076.0,289,6075.2,1,6076.8,1,6076.0,0
2023-05-12 09:33:53,6076.0,289,6075.4,1,6078.0,2,6076.0,0
2023-05-12 09:33:54,6076.0,289,6075.2,1,6077.4,3,6076.0,0
2023-05-12 09:33:54,6076.0,289,6075.4,1,6077.0,2,6076.16,1
2023-05-12 09:33:55,6076.0,289,6075.0,1,6077.0,2,6076.379999999999,1
2023-05-12 09:33:55,6076.0,289,6075.4,1,6076.4,2,6076.62,1
2023-05-12 09:33:56,6076.0,289,6076.2,1,6076.8,1,6076.9,1
2023-05-12 09:33:56,6076.0,289,6076.2,1,6077.2,1,6077.179999999999,1
2023-05-12 09:33:57,6076.0,289,6075.0,1,6077.2,1,6077.46,1
2023-05-12 09:33:57,6076.0,289,6076.0,1,6077.2,1,6077.74,1
2023-05-12 09:33:58,6076.0,289,6075.4,1,6077.6,1,6078.02,1
2023-05-12 09:33:58,6076.0,289,6075.6,2,6077.0,1,6078.3,1
2023-05-12 09:33:59,6076.0,289,6076.2,1,6077.6,1,6078.58,1
2023-05-12 09:33:59,6077.6,290,6076.6,2,6077.8,3,6078.780000000001,1
2023-05-12 09:34:00,6078.2,295,6076.8,1,6078.4,1,6078.9,1
2023-05-12 09:34:00,6078.4,296,6077.2,2,6078.8,1,6078.92,1
2023-05-12 09:34:01,6078.8,297,6077.6,1,6080.4,1,6078.84,1
2023-05-12 09:34:01,6078.8,297,6077.8,5,6080.0,1,6078.76,0
2023-05-12 09:34:02,6078.8,297,6077.8,5,6079.4,1,6078.68,0
2023-05-12 09:34:02,6078.8,297,6077.8,5,6079.8,3,6078.7,0
2023-05-12 09:34:03,6078.8,297,6078.0,1,6079.6,1,6078.72,0
2023-05-12 09:34:03,6078.8,297,6078.4,1,6079.6,1,6078.74,0
2023-05-12 09:34:04,6078.8,297,6079.0,1,6079.6,1,6078.76,0
2023-05-12 09:34:04,6079.6,298,6079.2,2,6080.4,1,6078.7,0
2023-05-12 09:34:05,6079.4,299,6078.8,1,6079.0,1,6078.660000000001,0
2023-05-12 09:34:05,6078.6,301,6077.8,2,6079.0,1,6078.7,1
2023-05-12 09:34:06,6078.0,302,6078.0,3,6079.0,1,6078.8,1
2023-05-12 09:34:07,6078.0,304,6077.8,2,6079.0,1,6078.9,1
2023-05-12 09:34:08,6078.0,304,6078.0,2,6079.0,1,6079.0,1
2023-05-12 09:34:08,6079.0,305,6078.0,1,6080.0,1,6079.0,0
2023-05-12 09:34:09,6079.0,305,6078.2,1,6080.0,1,6079.139999999999,1
2023-05-12 09:34:09,6079.0,305,6078.4,2,6080.0,1,6079.339999999999,1
2023-05-12 09:34:10,6079.0,305,6078.4,1,6080.4,1,6079.58,1
2023-05-12 09:34:10,6079.0,305,6079.0,1,6080.2,1,6079.7,1
2023-05-12 09:34:11,6079.0,305,6079.0,1,6080.2,1,6079.8,1
2023-05-12 09:34:11,6079.0,305,6079.0,1,6080.2,1,6079.9,1
2023-05-12 09:34:12,6079.0,305,6079.2,1,6080.4,1,6080.0,1
2023-05-12 09:34:13,6079.0,305,6079.0,1,6080.4,1,6080.12,1
2023-05-12 09:34:13,6079.0,305,6079.0,1,6080.4,1,6080.219999999999,1
2023-05-12 09:34:14,6079.0,305,6079.4,1,6080.4,1,6080.32,1
2023-05-12 09:34:14,6080.4,306,6079.8,1,6081.0,1,6080.280000000001,0
2023-05-12 09:34:15,6081.0,307,6080.4,1,6082.8,1,6080.08,0
2023-05-12 09:34:15,6081.4,308,6080.2,2,6082.4,2,6079.84,0
2023-05-12 09:34:16,6080.2,309,6080.0,2,6081.0,1,6079.679999999999,0
2023-05-12 09:34:16,6080.0,311,6079.0,1,6080.8,2,6079.539999999999,0
2023-05-12 09:34:17,6080.0,311,6079.0,1,6079.8,1,6079.4,0
2023-05-12 09:34:17,6080.0,311,6079.2,1,6080.2,1,6079.26,0
2023-05-12 09:34:18,6080.2,312,6079.2,1,6080.8,1,6079.1,0
2023-05-12 09:34:18,6080.0,313,6079.6,1,6081.0,1,6078.960000000001,0
2023-05-12 09:34:19,6080.0,313,6079.6,1,6081.0,1,6078.820000000001,0
2023-05-12 09:34:20,6080.0,313,6079.0,3,6081.0,1,6078.54,0
2023-05-12 09:34:20,6079.0,317,6078.4,1,6080.2,1,6078.34,0
2023-05-12 09:34:21,6079.0,317,6078.6,1,6079.8,2,6078.14,0
2023-05-12 09:34:21,6078.6,318,6078.6,1,6079.8,1,6077.9800000000005,0
2023-05-12 09:34:22,6078.6,319,6077.0,1,6079.6,1,6077.879999999999,0
2023-05-12 09:34:22,6078.6,319,6077.2,4,6079.2,1,6077.8,0
2023-05-12 09:34:23,6078.6,319,6077.4,1,6079.0,1,6077.72,0
2023-05-12 09:34:23,6078.6,319,6077.4,1,6079.0,1,6077.64,0
2023-05-12 09:34:24,6078.6,319,6077.2,4,6079.0,1,6077.56,0
2023-05-12 09:34:24,6078.6,319,6077.2,2,6078.8,2,6077.4800000000005,0
2023-05-12 09:34:25,6077.2,321,6077.0,1,6078.4,1,6077.5,1
2023-05-12 09:34:25,6077.0,322,6075.6,1,6078.0,2,6077.54,1
2023-05-12 09:34:26,6077.0,322,6075.4,1,6077.8,2,6077.58,1
2023-05-12 09:34:26,6077.0,322,6075.8,1,6077.2,1,6077.62,1
2023-05-12 09:34:27,6077.6,324,6076.0,1,6077.8,1,6077.6,0
2023-05-12 09:34:27,6077.8,325,6076.8,1,6078.8,1,6077.56,0
2023-05-12 09:34:28,6077.8,325,6077.4,1,6078.8,1,6077.52,0
2023-05-12 09:34:28,6077.8,325,6077.0,1,6078.8,1,6077.4800000000005,0
2023-05-12 09:34:29,6077.8,325,6076.2,3,6078.6,4,6077.44,0
2023-05-12 09:34:29,6077.8,325,6077.4,1,6078.4,1,6077.4,0
2023-05-12 09:34:30,6077.4,326,6075.8,1,6077.4,1,6077.66,1
2023-05-12 09:34:30,6077.4,326,6076.2,2,6077.4,1,6077.92,1
2023-05-12 09:34:31,6077.4,327,6077.0,1,6078.6,3,6078.179999999999,1
2023-05-12 09:34:31,6077.4,327,6077.0,1,6078.2,1,6078.179999999999,1
2023-05-12 09:34:32,6077.4,327,6077.0,1,6078.2,1,6078.18,1
2023-05-12 09:34:32,6077.4,327,6077.0,1,6078.6,1,6078.179999999999,1
2023-05-12 09:34:33,6077.4,327,6077.0,1,6081.2,1,6078.179999999999,1
2023-05-12 09:34:33,6077.4,327,6077.4,1,6079.4,1,6078.179999999999,1
2023-05-12 09:34:34,6077.4,327,6077.8,1,6080.2,1,6078.18,1
2023-05-12 09:34:34,6077.4,327,6078.4,1,6080.0,1,6078.179999999999,1
2023-05-12 09:34:35,6080.0,328,6078.4,1,6080.2,1,6077.92,0
2023-05-12 09:34:35,6080.0,328,6077.6,1,6079.8,1,6077.66,0
2023-05-12 09:34:36,6080.0,328,6077.4,1,6079.2,1,6077.4,0
2023-05-12 09:34:36,6077.4,329,6075.0,1,6078.6,2,6077.4,0
2023-05-12 09:34:37,6077.4,329,6075.8,1,6078.0,1,6077.4,0
2023-05-12 09:34:37,6077.4,329,6076.4,1,6078.0,1,6077.4,0
2023-05-12 09:34:38,6077.4,329,6076.6,1,6078.0,1,6077.4,0
2023-05-12 09:34:38,6077.4,329,6077.0,1,6079.4,1,6077.4,0
2023-05-12 09:34:39,6077.4,329,6077.4,1,6079.4,1,6077.4,0
2023-05-12 09:34:39,6077.4,329,6078.2,1,6081.0,1,6077.4,0
2023-05-12 09:34:40,6077.4,329,6077.4,1,6079.8,1,6077.4,0
2023-05-12 09:34:40,6077.4,329,6077.6,1,6079.8,1,6077.4,0
2023-05-12 09:34:41,6077.4,329,6077.4,1,6079.4,1,6077.42,1
2023-05-12 09:34:41,6077.4,329,6077.4,1,6079.2,1,6077.4400000000005,1
2023-05-12 09:34:42,6077.4,329,6077.4,1,6078.8,1,6077.46,1
2023-05-12 09:34:42,6077.4,329,6076.6,1,6078.8,1,6077.4,0
2023-05-12 09:34:43,6077.4,329,6076.4,1,6078.6,2,6077.34,0
2023-05-12 09:34:43,6077.4,329,6076.6,1,6078.4,1,6077.280000000001,0
2023-05-12 09:34:44,6077.4,329,6076.8,1,6078.6,2,6077.219999999999,0
2023-05-12 09:34:44,6077.4,329,6077.0,1,6078.4,2,6077.16,0
2023-05-12 09:34:45,6077.4,329,6076.6,1,6079.2,1,6077.1,0
2023-05-12 09:34:45,6077.4,329,6076.8,1,6078.6,1,6077.04,0
2023-05-12 09:34:46,6077.6,330,6076.0,1,6078.2,2,6076.960000000001,0
2023-05-12 09:34:46,6077.6,330,6075.0,1,6077.0,1,6076.88,0
2023-05-12 09:34:47,6077.6,330,6075.4,1,6076.8,2,6076.8,0
2023-05-12 09:34:47,6076.8,332,6075.8,1,6077.6,1,6076.8,0
2023-05-12 09:34:48,6076.8,332,6076.4,1,6078.4,1,6076.8,0
2023-05-12 09:34:48,6076.8,332,6076.8,1,6078.6,1,6076.8,0
2023-05-12 09:34:49,6076.8,332,6077.0,1,6078.6,1,6076.8,0
2023-05-12 09:34:49,6076.8,332,6076.6,1,6078.6,1,6076.8,0
2023-05-12 09:34:50,6076.8,332,6076.4,1,6078.2,2,6076.8,0
2023-05-12 09:34:50,6076.8,332,6076.0,2,6078.2,2,6076.72,0
2023-05-12 09:34:51,6076.8,332,6075.2,1,6077.6,1,6076.64,0
2023-05-12 09:34:51,6076.8,332,6075.4,1,6077.4,1,6076.56,0
2023-05-12 09:34:52,6076.8,332,6075.4,1,6077.4,1,6076.4800000000005,0
2023-05-12 09:34:52,6076.8,332,6075.2,1,6077.0,1,6076.5,0
2023-05-12 09:34:53,6076.8,332,6075.4,1,6077.4,1,6076.52,0
2023-05-12 09:34:54,6076.8,332,6075.4,2,6077.6,1,6076.54,0
2023-05-12 09:34:54,6076.8,332,6076.0,1,6077.4,1,6076.56,0
2023-05-12 09:34:55,6076.8,332,6076.0,1,6077.4,1,6076.58,0
2023-05-12 09:34:55,6076.8,332,6076.0,1,6077.2,1,6076.6,0
2023-05-12 09:34:56,6076.0,333,6075.6,2,6077.0,1,6076.86,1
2023-05-12 09:34:56,6076.0,333,6075.2,1,6077.0,2,6077.18,1
2023-05-12 09:34:57,6076.0,333,6075.4,2,6077.0,1,6077.5,1
2023-05-12 09:34:57,6076.0,333,6075.6,2,6077.0,1,6077.82,1
2023-05-12 09:34:58,6077.0,334,6076.2,1,6078.6,1,6077.86,1
2023-05-12 09:34:58,6077.0,334,6076.6,1,6078.2,2,6077.9,1
2023-05-12 09:34:59,6077.0,334,6076.2,1,6078.2,1,6077.9400000000005,1
2023-05-12 09:34:59,6077.0,334,6075.8,1,6077.8,2,6077.98,1
2023-05-12 09:35:00,6077.0,334,6075.8,1,6077.6,1,6078.02,1
2023-05-12 09:35:01,6077.0,334,6076.2,2,6078.6,1,6078.06,1
2023-05-12 09:35:01,6078.6,335,6077.2,1,6079.2,1,6077.96,0
2023-05-12 09:35:02,6079.2,337,6078.0,2,6079.0,4,6077.679999999999,0
2023-05-12 09:35:02,6079.2,337,6078.4,1,6079.0,4,6077.26,0
2023-05-12 09:35:03,6079.2,337,6077.4,3,6078.8,1,6076.84,0
2023-05-12 09:35:03,6077.4,338,6077.6,1,6079.0,4,6076.58,0
2023-05-12 09:35:04,6077.4,338,6077.4,1,6078.8,3,6076.4,0
2023-05-12 09:35:04,6077.4,338,6077.4,1,6078.8,4,6076.219999999999,0
2023-05-12 09:35:05,6077.4,338,6077.4,1,6078.8,3,6076.04,0
2023-05-12 09:35:05,6077.4,338,6077.6,1,6078.8,2,6075.860000000001,0
2023-05-12 09:35:06,6077.4,338,6077.4,1,6078.6,1,6075.68,0
2023-05-12 09:35:06,6077.6,340,6076.4,1,6078.2,1,6075.4800000000005,0
2023-05-12 09:35:07,6076.4,341,6074.8,1,6077.2,2,6075.4,0
2023-05-12 09:35:07,6075.0,342,6075.0,2,6075.6,1,6075.460000000001,1
2023-05-12 09:35:08,6075.0,344,6073.4,1,6074.8,1,6075.52,1
2023-05-12 09:35:08,6074.8,345,6074.2,1,6075.4,1,6075.6,1
2023-05-12 09:35:09,6075.6,346,6074.2,1,6076.8,1,6075.6,0
2023-05-12 09:35:09,6075.6,346,6074.6,2,6076.6,2,6075.6,0
2023-05-12 09:35:10,6075.6,346,6074.8,1,6076.6,1,6075.6,0
2023-05-12 09:35:10,6075.6,346,6075.4,1,6078.0,2,6075.6,0
2023-05-12 09:35:11,6075.6,346,6075.8,1,6077.6,2,6075.6,0
2023-05-12 09:35:11,6075.6,346,6076.0,2,6077.4,1,6075.820000000001,1
2023-05-12 09:35:12,6075.6,346,6076.2,1,6077.8,1,6076.06,1
2023-05-12 09:35:12,6075.6,346,6076.6,1,6077.8,1,6076.4,1
2023-05-12 09:35:13,6075.6,346,6076.6,1,6077.8,1,6076.74,1
2023-05-12 09:35:13,6075.6,346,6076.6,1,6077.8,1,6077.08,1
2023-05-12 09:35:15,6075.6,346,6076.2,1,6077.8,1,6077.38,1
2023-05-12 09:35:15,6075.6,346,6076.6,1,6077.8,1,6077.679999999999,1
2023-05-12 09:35:16,6075.6,346,6076.4,1,6077.8,1,6077.9800000000005,1
2023-05-12 09:35:17,6075.6,346,6076.6,1,6077.8,1,6078.280000000001,1
2023-05-12 09:35:17,6075.6,346,6076.6,1,6077.8,1,6078.58,1
2023-05-12 09:35:18,6077.8,347,6076.6,1,6078.0,1,6078.66,1
2023-05-12 09:35:18,6078.0,348,6078.0,1,6079.0,4,6078.72,1
2023-05-12 09:35:19,6079.0,349,6078.4,2,6079.0,3,6078.68,0
2023-05-12 09:35:19,6079.0,352,6079.0,1,6081.2,1,6078.64,0
2023-05-12 09:35:20,6079.0,353,6078.6,1,6080.4,1,6078.6,0
2023-05-12 09:35:20,6078.6,354,6077.2,1,6079.4,1,6078.460000000001,0
2023-05-12 09:35:21,6078.6,354,6077.4,2,6079.0,1,6078.320000000001,0
2023-05-12 09:35:21,6078.6,354,6077.4,2,6078.6,3,6078.18,0
2023-05-12 09:35:22,6078.6,354,6077.4,2,6078.2,1,6078.06,0
2023-05-12 09:35:22,6078.6,354,6075.2,1,6078.6,2,6077.9400000000005,0
2023-05-12 09:35:23,6078.6,354,6076.2,1,6078.4,1,6077.820000000001,0
2023-05-12 09:35:23,6078.6,354,6076.4,3,6078.6,2,6077.7,0
2023-05-12 09:35:24,6078.6,354,6076.6,1,6078.6,2,6077.58,0
2023-05-12 09:35:24,6078.6,354,6077.0,1,6078.6,2,6077.46,0
2023-05-12 09:35:25,6078.6,354,6077.2,2,6078.6,2,6077.34,0
2023-05-12 09:35:26,6077.2,355,6077.2,1,6078.6,2,6077.359999999999,1
2023-05-12 09:35:26,6077.2,356,6076.6,1,6078.4,1,6077.379999999999,1
2023-05-12 09:35:27,6077.2,356,6077.4,2,6078.2,1,6077.4,1
2023-05-12 09:35:27,6077.4,358,6075.4,1,6078.4,1,6077.219999999999,0
2023-05-12 09:35:28,6077.4,358,6075.6,2,6078.0,2,6077.1,0
2023-05-12 09:35:28,6077.4,358,6075.6,2,6077.4,1,6077.039999999999,0
2023-05-12 09:35:29,6077.4,358,6075.8,2,6077.8,1,6076.9800000000005,0
2023-05-12 09:35:29,6077.4,358,6076.4,1,6078.6,2,6076.92,0
2023-05-12 09:35:30,6077.4,358,6076.6,1,6078.6,2,6076.86,0
2023-05-12 09:35:30,6077.4,358,6076.2,1,6078.2,2,6076.8,0
2023-05-12 09:35:31,6077.4,358,6075.6,3,6078.0,2,6076.74,0
2023-05-12 09:35:31,6077.4,358,6075.6,2,6077.0,1,6076.68,0
2023-05-12 09:35:32,6077.4,358,6075.6,2,6076.6,2,6076.620000000001,0
2023-05-12 09:35:32,6075.6,360,6074.2,1,6076.4,2,6076.74,1
2023-05-12 09:35:33,6076.2,362,6074.2,1,6076.2,2,6076.8,1
2023-05-12 09:35:33,6076.8,364,6074.6,2,6077.0,1,6076.8,0
2023-05-12 09:35:34,6076.8,364,6076.4,2,6078.0,1,6076.8,0
2023-05-12 09:35:34,6076.8,364,6076.8,1,6077.8,1,6076.8,0
2023-05-12 09:35:35,6076.8,364,6074.8,3,6081.2,1,6076.8,0
2023-05-12 09:35:35,6076.8,364,6076.6,1,6078.2,1,6076.8,0
2023-05-12 09:35:36,6076.8,364,6074.8,3,6078.0,4,6076.800000000001,1
2023-05-12 09:35:36,6076.8,364,6075.8,1,6077.6,1,6076.8,0
2023-05-12 09:35:37,6076.8,364,6076.0,1,6077.4,1,6076.8,0
2023-05-12 09:35:37,6076.8,364,6074.8,3,6077.4,1,6076.8,0
2023-05-12 09:35:38,6076.8,364,6075.4,1,6077.2,2,6076.8,0
2023-05-12 09:35:38,6076.8,364,6075.4,1,6077.2,2,6076.8,0
2023-05-12 09:35:39,6076.8,364,6075.6,1,6077.2,2,6076.8,0
2023-05-12 09:35:39,6076.8,364,6074.8,2,6077.2,2,6076.8,0
2023-05-12 09:35:40,6076.8,364,6074.8,2,6077.0,1,6076.800000000001,1
2023-05-12 09:35:40,6076.8,364,6074.8,1,6076.2,1,6076.8,0
2023-05-12 09:35:41,6076.8,364,6075.2,1,6076.2,1,6076.8,0
2023-05-12 09:35:41,6076.8,364,6074.6,1,6076.0,1,6076.8,0
2023-05-12 09:35:42,6076.8,364,6074.6,1,6076.2,1,6076.8,0
2023-05-12 09:35:42,6076.8,364,6075.2,1,6076.8,1,6076.8,0
2023-05-12 09:35:43,6076.8,364,6075.4,1,6076.8,1,6076.8,0
2023-05-12 09:35:43,6076.8,364,6075.2,1,6076.8,1,6076.8,0
2023-05-12 09:35:44,6076.8,364,6075.2,1,6076.6,1,6076.800000000001,1
2023-05-12 09:35:44,6076.8,364,6074.6,1,6076.4,1,6076.8,0
2023-05-12 09:35:45,6076.8,364,6074.2,1,6076.4,3,6076.8,0
2023-05-12 09:35:45,6076.8,364,6074.4,1,6076.2,1,6076.74,0
2023-05-12 09:35:46,6076.8,364,6074.4,1,6075.8,1,6076.68,0
2023-05-12 09:35:46,6076.8,364,6073.6,1,6075.8,1,6076.62,0
2023-05-12 09:35:47,6076.8,364,6074.0,1,6076.2,1,6076.56,0
2023-05-12 09:35:47,6076.8,364,6074.2,2,6076.0,1,6076.5,0
2023-05-12 09:35:48,6076.8,364,6074.4,2,6076.2,1,6076.4400000000005,0
2023-05-12 09:35:49,6076.8,364,6074.4,1,6076.2,1,6076.38,0
2023-05-12 09:35:49,6076.8,364,6074.4,1,6076.2,1,6076.2,0
2023-05-12 09:35:50,6076.8,364,6074.6,2,6076.4,2,6075.9,0
2023-05-12 09:35:50,6076.8,364,6074.6,1,6076.4,2,6075.6,0
2023-05-12 09:35:51,6076.2,366,6074.4,1,6076.4,2,6075.0,0
2023-05-12 09:35:51,6076.2,366,6074.6,1,6076.2,3,6074.4,0
2023-05-12 09:35:52,6076.2,368,6074.6,1,6076.2,2,6073.8,0
2023-05-12 09:35:52,6076.2,368,6075.0,1,6076.2,1,6073.2,0
2023-05-12 09:35:53,6076.2,368,6074.6,1,6076.2,1,6072.6,0
2023-05-12 09:35:54,6076.2,368,6074.8,1,6076.2,1,6072.0,0
2023-05-12 09:35:55,6076.2,368,6075.0,1,6076.2,1,6071.4,0
2023-05-12 09:35:56,6075.0,369,6074.6,1,6076.2,1,6071.24,0
2023-05-12 09:35:56,6073.8,372,6073.4,1,6075.6,3,6071.2,0
2023-05-12 09:35:57,6073.8,372,6073.4,1,6075.2,1,6071.16,0
2023-05-12 09:35:57,6070.2,375,6070.4,1,6075.0,6,6071.48,1
2023-05-12 09:35:58,6070.2,375,6072.2,1,6074.6,1,6071.799999999999,1
2023-05-12 09:35:58,6070.2,375,6072.6,1,6074.8,1,6072.12,1
2023-05-12 09:35:59,6070.2,375,6072.6,1,6074.6,1,6072.4400000000005,1
2023-05-12 09:35:59,6070.2,375,6072.4,1,6074.4,1,6072.759999999999,1
2023-05-12 09:36:00,6070.2,375,6072.2,1,6074.2,3,6073.02,1
2023-05-12 09:36:00,6070.2,375,6073.4,1,6074.0,2,6073.280000000001,1
2023-05-12 09:36:01,6073.4,376,6071.0,1,6074.0,2,6073.219999999999,0
2023-05-12 09:36:01,6073.4,376,6071.6,1,6073.8,3,6073.16,0
2023-05-12 09:36:02,6073.4,376,6071.4,1,6073.4,1,6073.1,0
2023-05-12 09:36:02,6073.4,376,6071.8,1,6073.4,1,6073.04,0
2023-05-12 09:36:03,6073.4,376,6072.0,1,6072.8,6,6073.14,0
2023-05-12 09:36:03,6073.4,376,6071.0,1,6072.8,5,6073.24,0
2023-05-12 09:36:04,6073.4,376,6071.2,3,6072.8,5,6073.339999999999,0
2023-05-12 09:36:05,6073.4,376,6071.6,1,6072.8,5,6073.4400000000005,1
2023-05-12 09:36:06,6072.8,377,6072.0,1,6073.4,1,6073.4800000000005,1
2023-05-12 09:36:06,6072.8,377,6072.2,1,6074.2,2,6073.5,1
2023-05-12 09:36:07,6072.8,377,6072.6,1,6074.6,1,6073.52,1
2023-05-12 09:36:07,6072.8,377,6072.8,1,6075.0,4,6073.539999999999,1
2023-05-12 09:36:08,6072.8,377,6073.2,1,6074.4,1,6073.56,1
2023-05-12 09:36:09,6072.8,377,6073.4,1,6074.4,1,6073.58,1
2023-05-12 09:36:09,6074.4,378,6073.4,1,6074.6,1,6073.42,0
2023-05-12 09:36:10,6074.4,378,6073.4,1,6075.0,4,6073.26,0
2023-05-12 09:36:10,6074.4,378,6073.8,2,6075.0,4,6073.1,0
2023-05-12 09:36:11,6074.4,378,6073.8,1,6075.0,4,6072.9400000000005,0
2023-05-12 09:36:12,6073.2,379,6072.8,1,6075.0,4,6072.9,0
2023-05-12 09:36:12,6073.0,380,6072.4,1,6074.4,1,6072.879999999999,0
2023-05-12 09:36:13,6073.0,380,6070.4,1,6073.6,1,6072.860000000001,0
2023-05-12 09:36:13,6073.0,380,6071.2,1,6073.4,1,6072.840000000001,0
2023-05-12 09:36:14,6073.0,380,6071.4,1,6073.0,1,6072.820000000001,0
2023-05-12 09:36:14,6073.0,380,6071.2,1,6072.8,1,6072.8,0
2023-05-12 09:36:15,6072.8,381,6071.2,1,6072.6,1,6072.8,0
2023-05-12 09:36:15,6072.8,381,6071.6,2,6073.2,1,6072.8,0
2023-05-12 09:36:16,6072.8,381,6072.2,1,6074.2,1,6072.800000000001,1
2023-05-12 09:36:16,6072.8,381,6072.6,1,6075.0,4,6072.8,0
2023-05-12 09:36:17,6072.8,381,6073.0,1,6074.8,1,6072.8,0
2023-05-12 09:36:17,6072.8,381,6073.4,1,6075.0,4,6072.8,0
2023-05-12 09:36:18,6072.8,381,6073.2,1,6075.0,4,6072.8,0
2023-05-12 09:36:18,6072.8,381,6072.2,2,6074.6,1,6072.8,0
2023-05-12 09:36:19,6072.8,381,6072.2,2,6074.4,2,6072.8,0
2023-05-12 09:36:19,6072.8,381,6072.2,2,6074.2,2,6072.8,0
2023-05-12 09:36:20,6072.8,381,6072.2,2,6073.6,2,6072.800000000001,1
2023-05-12 09:36:20,6072.8,381,6072.2,1,6073.2,1,6072.8,0
2023-05-12 09:36:21,6072.8,381,6072.2,1,6074.0,3,6072.8,0
2023-05-12 09:36:21,6072.8,381,6072.2,1,6073.4,1,6072.8,0
2023-05-12 09:36:22,6072.8,381,6072.4,1,6073.8,1,6072.8,0
2023-05-12 09:36:23,6072.8,381,6072.4,2,6074.2,1,6072.8,0
2023-05-12 09:36:23,6072.8,381,6072.6,1,6074.2,1,6072.8,0
2023-05-12 09:36:24,6072.8,381,6072.8,1,6074.2,1,6072.8,0
2023-05-12 09:36:24,6072.8,381,6072.6,1,6074.6,1,6072.800000000001,1
2023-05-12 09:36:25,6072.8,381,6072.4,1,6074.4,2,6072.74,0
2023-05-12 09:36:25,6072.8,381,6072.2,1,6074.0,1,6072.679999999999,0
2023-05-12 09:36:26,6072.8,381,6072.2,1,6073.6,1,6072.620000000001,0
2023-05-12 09:36:26,6072.8,381,6072.2,1,6073.6,1,6072.56,0
2023-05-12 09:36:27,6072.8,381,6072.2,1,6073.4,1,6072.4,0
2023-05-12 09:36:27,6072.8,381,6072.2,1,6073.2,1,6072.24,0
2023-05-12 09:36:28,6072.8,381,6072.2,1,6073.2,1,6072.08,0
2023-05-12 09:36:28,6072.8,381,6072.2,1,6073.6,1,6071.92,0
2023-05-12 09:36:29,6072.8,381,6072.2,2,6073.0,3,6071.76,0
2023-05-12 09:36:29,6072.8,381,6072.2,2,6073.0,3,6071.599999999999,0
2023-05-12 09:36:30,6072.2,383,6071.4,1,6072.8,1,6071.5,0
2023-05-12 09:36:30,6072.2,383,6071.2,1,6072.6,1,6071.4,0
2023-05-12 09:36:31,6072.2,383,6071.2,1,6072.6,1,6071.3,0
2023-05-12 09:36:31,6072.2,383,6071.2,1,6072.4,1,6071.2,0
2023-05-12 09:36:32,6071.2,384,6068.6,1,6072.2,1,6071.2,0
2023-05-12 09:36:32,6071.2,384,6069.6,2,6072.0,1,6071.2,0
2023-05-12 09:36:33,6071.2,384,6069.6,2,6071.8,1,6071.2,0
2023-05-12 09:36:33,6071.2,384,6069.8,1,6072.0,2,6071.179999999999,0
2023-05-12 09:36:34,6071.2,384,6070.0,1,6072.0,2,6071.179999999999,0
2023-05-12 09:36:34,6071.2,384,6069.8,1,6072.0,2,6071.18,0
2023-05-12 09:36:35,6071.2,384,6069.8,2,6071.4,2,6071.179999999999,0
2023-05-12 09:36:35,6071.2,384,6069.8,1,6071.2,1,6071.18,0
2023-05-12 09:36:36,6071.2,384,6069.8,1,6071.0,3,6071.26,1
2023-05-12 09:36:36,6071.2,384,6069.8,1,6070.8,1,6071.339999999999,1
2023-05-12 09:36:37,6071.2,384,6069.8,1,6070.8,1,6071.42,1
2023-05-12 09:36:37,6071.2,384,6070.0,1,6071.0,3,6071.5,1
2023-05-12 09:36:38,6071.2,384,6070.2,1,6071.0,2,6071.58,1
2023-05-12 09:36:38,6071.0,386,6070.4,1,6071.4,2,6071.68,1
2023-05-12 09:36:39,6071.2,387,6070.8,1,6072.0,1,6071.76,1
2023-05-12 09:36:39,6071.2,387,6071.2,1,6073.0,3,6071.839999999999,1
2023-05-12 09:36:40,6071.2,387,6070.6,1,6072.6,1,6071.9,1
2023-05-12 09:36:40,6071.2,387,6070.6,1,6072.0,2,6071.960000000001,1
2023-05-12 09:36:41,6072.0,388,6070.6,1,6072.0,1,6071.960000000001,0
2023-05-12 09:36:41,6072.0,388,6070.6,2,6071.8,2,6071.960000000001,0
2023-05-12 09:36:42,6072.0,388,6070.6,2,6071.8,3,6071.960000000001,0
2023-05-12 09:36:43,6072.0,388,6070.6,2,6071.6,2,6071.960000000001,0
2023-05-12 09:36:44,6072.0,388,6070.6,3,6071.6,2,6071.960000000001,0
2023-05-12 09:36:44,6072.0,388,6070.6,3,6071.6,2,6071.960000000001,0
2023-05-12 09:36:45,6072.0,388,6070.6,3,6071.6,2,6071.960000000001,0
2023-05-12 09:36:46,6072.0,388,6070.6,3,6071.6,2,6071.960000000001,0
2023-05-12 09:36:47,6071.8,391,6070.6,3,6071.8,1,6071.9800000000005,1
2023-05-12 09:36:47,6071.8,392,6071.0,1,6072.0,1,6072.0,1
2023-05-12 09:36:48,6072.0,393,6071.2,1,6072.4,1,6072.0,0
2023-05-12 09:36:48,6072.0,393,6071.6,1,6073.0,3,6072.0,0
2023-05-12 09:36:49,6072.0,393,6071.6,1,6074.2,1,6072.0,0
2023-05-12 09:36:49,6072.0,393,6071.2,1,6073.4,2,6072.0,0
2023-05-12 09:36:50,6072.0,393,6071.6,1,6073.2,1,6072.0,0
2023-05-12 09:36:50,6072.0,393,6071.6,1,6073.4,1,6072.0,0
2023-05-12 09:36:51,6072.0,393,6071.6,1,6073.4,1,6072.0,0
2023-05-12 09:36:51,6072.0,393,6070.8,2,6073.0,1,6072.0,0
2023-05-12 09:36:52,6072.0,393,6071.2,1,6072.8,1,6072.0,0
2023-05-12 09:36:52,6072.0,393,6071.2,1,6072.8,1,6072.0,0
2023-05-12 09:36:53,6072.0,393,6072.0,1,6072.6,1,6072.0,0
2023-05-12 09:36:54,6072.0,394,6070.8,2,6072.4,6,6072.0,0
2023-05-12 09:36:54,6072.0,394,6070.8,2,6072.2,1,6072.0,0
2023-05-12 09:36:55,6072.0,394,6071.0,1,6072.2,1,6072.0,0
2023-05-12 09:36:55,6072.0,394,6071.0,1,6072.2,1,6072.0,0
2023-05-12 09:36:56,6072.0,394,6071.2,1,6072.2,1,6071.9,0
2023-05-12 09:36:57,6072.0,394,6070.6,3,6072.2,1,6071.76,0
2023-05-12 09:36:58,6072.0,394,6070.6,3,6072.0,1,6071.62,0
2023-05-12 09:36:58,6072.0,394,6070.8,1,6072.0,1,6071.4800000000005,0
2023-05-12 09:36:59,6072.0,394,6071.2,1,6072.0,1,6071.34,0
2023-05-12 09:37:00,6072.0,395,6070.6,3,6073.0,2,6071.2,0
2023-05-12 09:37:00,6072.0,395,6071.0,1,6072.8,5,6071.06,0
2023-05-12 09:37:01,6072.0,395,6070.6,3,6072.4,1,6070.92,0
2023-05-12 09:37:01,6072.0,395,6070.6,3,6072.2,1,6070.7,0
2023-05-12 09:37:02,6072.0,395,6071.0,1,6072.0,4,6070.4800000000005,0
2023-05-12 09:37:02,6071.0,396,6070.6,3,6071.8,2,6070.36,0
2023-05-12 09:37:03,6070.6,397,6070.6,2,6071.4,1,6070.280000000001,0
2023-05-12 09:37:03,6070.6,399,6070.0,2,6071.2,1,6070.08,0
2023-05-12 09:37:04,6070.6,399,6070.0,2,6071.2,1,6069.88,0
2023-05-12 09:37:04,6070.6,399,6070.0,2,6071.0,6,6069.68,0
2023-05-12 09:37:05,6070.6,399,6070.0,2,6071.0,6,6069.4400000000005,0
2023-05-12 09:37:05,6070.6,399,6070.0,3,6071.0,7,6069.18,0
2023-05-12 09:37:06,6070.6,399,6070.0,2,6071.0,7,6068.92,0
2023-05-12 09:37:06,6069.8,402,6068.6,1,6071.0,6,6068.74,0
2023-05-12 09:37:07,6069.8,402,6068.8,2,6070.4,1,6068.56,0
2023-05-12 09:37:07,6069.8,402,6068.6,1,6070.0,1,6068.38,0
2023-05-12 09:37:08,6069.8,402,6068.6,1,6070.0,1,6068.2,0
2023-05-12 09:37:08,6068.6,403,6068.0,1,6070.0,1,6068.24,0
2023-05-12 09:37:09,6068.6,403,6068.0,1,6069.6,1,6068.280000000001,0
2023-05-12 09:37:09,6068.6,403,6068.0,1,6068.8,1,6068.32,0
2023-05-12 09:37:10,6068.2,404,6068.0,1,6068.8,1,6068.4,1
2023-05-12 09:37:10,6068.0,405,6066.4,1,6068.8,1,6068.5,1
2023-05-12 09:37:11,6068.0,405,6067.2,1,6068.6,2,6068.6,1
2023-05-12 09:37:11,6068.0,405,6066.8,1,6068.2,1,6068.7,1
2023-05-12 09:37:12,6068.0,405,6066.8,1,6068.2,1,6069.06,1
2023-05-12 09:37:13,6068.0,405,6067.0,1,6068.6,2,6069.4400000000005,1
2023-05-12 09:37:13,6068.0,405,6067.4,1,6068.8,1,6069.820000000001,1
2023-05-12 09:37:14,6069.0,407,6067.8,1,6070.6,1,6070.0,1
2023-05-12 09:37:14,6069.0,407,6068.4,1,6070.8,1,6070.160000000001,1
2023-05-12 09:37:15,6069.0,407,6068.4,1,6070.4,1,6070.320000000001,1
2023-05-12 09:37:16,6069.0,407,6068.8,1,6070.8,1,6070.5,1
2023-05-12 09:37:17,6069.0,407,6069.4,1,6070.8,1,6070.68,1
2023-05-12 09:37:17,6069.0,407,6069.8,1,6071.6,1,6070.860000000001,1
2023-05-12 09:37:18,6069.0,407,6070.2,1,6071.6,1,6071.04,1
2023-05-12 09:37:18,6071.6,408,6070.6,1,6072.8,2,6070.960000000001,0
2023-05-12 09:37:19,6071.8,409,6070.8,1,6072.6,1,6070.860000000001,0
2023-05-12 09:37:19,6071.8,409,6071.2,1,6072.4,1,6070.76,0
2023-05-12 09:37:20,6070.8,411,6070.6,1,6072.0,1,6070.76,0
2023-05-12 09:37:20,6070.6,412,6069.8,1,6071.2,1,6070.78,1
2023-05-12 09:37:21,6070.6,412,6069.8,1,6071.2,1,6070.7,1
2023-05-12 09:37:22,6070.8,413,6069.0,1,6071.2,1,6070.6,0
2023-05-12 09:37:22,6070.8,413,6068.6,1,6071.2,1,6070.5,0
2023-05-12 09:37:23,6070.8,413,6068.8,1,6071.0,2,6070.68,0
2023-05-12 09:37:23,6070.8,413,6069.0,1,6071.0,2,6070.860000000001,1
2023-05-12 09:37:24,6070.8,413,6069.2,1,6071.8,1,6071.04,1
2023-05-12 09:37:24,6070.8,413,6069.4,1,6071.6,2,6071.22,1
2023-05-12 09:37:25,6070.8,413,6069.2,1,6071.6,2,6071.4,1
2023-05-12 09:37:25,6070.8,413,6069.2,1,6071.4,1,6071.58,1
2023-05-12 09:37:26,6070.8,413,6069.6,1,6071.6,1,6071.76,1
2023-05-12 09:37:26,6069.8,414,6069.8,1,6072.2,1,6072.04,1
2023-05-12 09:37:27,6069.8,414,6070.2,1,6072.0,1,6072.32,1
2023-05-12 09:37:27,6069.8,414,6071.4,1,6072.8,2,6072.6,1
2023-05-12 09:37:28,6072.6,415,6071.4,1,6072.8,1,6072.6,0
2023-05-12 09:37:28,6072.6,415,6071.8,1,6072.8,1,6072.54,0
2023-05-12 09:37:29,6072.6,415,6071.6,2,6072.8,1,6072.58,0
2023-05-12 09:37:29,6072.6,415,6070.4,1,6072.6,1,6072.620000000001,1
2023-05-12 09:37:30,6072.6,415,6071.0,2,6072.4,1,6072.660000000001,1
2023-05-12 09:37:30,6072.6,415,6071.0,2,6072.6,1,6072.7,1
2023-05-12 09:37:31,6072.6,415,6071.2,1,6072.8,1,6072.74,1
2023-05-12 09:37:31,6072.6,415,6071.0,2,6072.8,1,6072.780000000001,1
2023-05-12 09:37:32,6072.6,415,6071.2,1,6072.8,1,6072.82,1
2023-05-12 09:37:34,6072.6,415,6071.2,1,6072.6,1,6072.96,1
2023-05-12 09:37:36,6072.6,416,6071.2,1,6071.8,4,6073.1,1
2023-05-12 09:37:36,6072.0,420,6072.0,1,6072.8,1,6073.3,1
2023-05-12 09:37:37,6073.0,422,6072.4,1,6075.0,1,6073.4,1
2023-05-12 09:37:37,6073.0,422,6072.4,1,6074.2,1,6073.5,1
2023-05-12 09:37:38,6073.0,422,6072.6,1,6074.0,2,6073.6,1
2023-05-12 09:37:38,6073.0,422,6072.2,1,6074.0,2,6073.7,1
2023-05-12 09:37:39,6073.0,422,6072.4,2,6074.0,1,6073.8,1
2023-05-12 09:37:39,6073.0,422,6072.4,2,6074.2,1,6073.9,1
2023-05-12 09:37:41,6073.0,422,6072.4,2,6074.0,1,6074.0,1
2023-05-12 09:37:41,6074.0,423,6072.4,3,6074.2,1,6074.0,0
2023-05-12 09:37:42,6074.0,423,6072.6,1,6074.2,1,6074.0,0
2023-05-12 09:37:43,6074.0,423,6072.6,1,6074.2,1,6074.0,0
2023-05-12 09:37:45,6074.0,423,6072.4,3,6074.2,1,6074.0,0
2023-05-12 09:37:45,6074.0,423,6072.6,2,6074.2,1,6074.0,0
2023-05-12 09:37:46,6074.0,423,6072.8,1,6074.8,1,6074.0,0
2023-05-12 09:37:46,6074.0,423,6073.2,1,6074.8,1,6073.84,0
2023-05-12 09:37:47,6074.0,423,6072.6,1,6074.8,1,6073.68,0
2023-05-12 09:37:47,6074.0,423,6072.4,3,6074.4,1,6073.52,0
2023-05-12 09:37:48,6074.0,423,6072.4,3,6074.2,1,6073.36,0
2023-05-12 09:37:48,6074.0,423,6072.4,1,6073.8,1,6073.2,0
2023-05-12 09:37:50,6074.0,423,6072.4,1,6074.2,1,6073.039999999999,0
2023-05-12 09:37:51,6074.0,423,6072.6,1,6074.2,1,6072.879999999999,0
2023-05-12 09:37:51,6074.0,423,6072.6,1,6074.0,1,6072.719999999999,0
2023-05-12 09:37:52,6074.0,423,6072.4,1,6074.0,1,6072.56,0
2023-05-12 09:37:53,6074.0,423,6072.4,1,6073.8,1,6072.4,0
2023-05-12 09:37:53,6072.4,424,6072.2,1,6073.4,1,6072.4,0
2023-05-12 09:37:54,6072.4,426,6071.0,1,6073.4,1,6072.4,0
2023-05-12 09:37:54,6072.4,426,6070.0,1,6073.4,1,6072.4,0
2023-05-12 09:37:55,6072.4,426,6071.0,1,6073.4,1,6072.4,0
2023-05-12 09:37:55,6072.4,426,6071.0,1,6073.4,1,6072.4,0
2023-05-12 09:37:56,6072.4,426,6071.2,1,6073.4,1,6072.44,1
2023-05-12 09:37:56,6072.4,426,6071.2,2,6073.4,1,6072.52,1
2023-05-12 09:37:57,6072.4,426,6071.0,1,6073.0,1,6072.679999999999,1
2023-05-12 09:37:57,6072.4,426,6067.4,1,6072.8,3,6072.839999999999,1
2023-05-12 09:37:58,6072.4,426,6070.4,1,6072.8,1,6073.0,1
2023-05-12 09:37:58,6072.4,426,6070.8,1,6072.8,1,6073.06,1
2023-05-12 09:38:00,6072.4,426,6073.0,1,6074.2,1,6073.12,1
2023-05-12 09:38:00,6072.4,426,6073.0,1,6074.2,1,6073.179999999999,1
2023-05-12 09:38:01,6072.4,426,6073.2,1,6074.0,1,6073.24,1
2023-05-12 09:38:01,6072.4,426,6073.0,1,6074.0,1,6073.3,1
2023-05-12 09:38:02,6072.8,427,6073.2,1,6074.0,1,6073.32,1
2023-05-12 09:38:02,6073.2,428,6073.4,1,6074.0,1,6073.3,1
2023-05-12 09:38:03,6074.0,429,6073.6,1,6074.2,1,6073.2,0
2023-05-12 09:38:03,6074.0,429,6074.2,1,6074.8,1,6073.1,0
2023-05-12 09:38:04,6074.0,429,6073.6,1,6074.8,1,6073.0,0
2023-05-12 09:38:05,6073.0,432,6071.2,1,6074.8,1,6073.0,0
2023-05-12 09:38:05,6073.0,432,6072.8,1,6074.4,1,6073.0,0
2023-05-12 09:38:06,6073.0,432,6071.2,1,6074.0,1,6073.0,0
2023-05-12 09:38:06,6073.0,432,6071.2,1,6073.0,1,6073.0,0
2023-05-12 09:38:07,6073.0,432,6069.4,1,6072.6,1,6073.0,0
2023-05-12 09:38:07,6073.0,432,6069.6,1,6072.2,2,6073.0,0
2023-05-12 09:38:08,6073.0,432,6069.4,1,6071.8,1,6073.0,0
2023-05-12 09:38:08,6073.0,432,6069.8,1,6072.2,2,6073.0,0
2023-05-12 09:38:09,6073.0,432,6070.4,1,6072.2,2,6072.84,0
2023-05-12 09:38:09,6073.0,432,6069.8,1,6072.0,1,6072.620000000001,0
2023-05-12 09:38:10,6073.0,432,6070.2,1,6072.2,2,6072.4,0
2023-05-12 09:38:10,6073.0,433,6070.4,1,6072.2,1,6072.120000000001,0
2023-05-12 09:38:11,6073.0,433,6070.6,1,6071.8,1,6071.84,0
2023-05-12 09:38:11,6073.0,433,6071.0,1,6074.2,1,6071.56,0
2023-05-12 09:38:12,6073.0,433,6071.0,1,6072.8,1,6071.280000000001,0
2023-05-12 09:38:12,6073.0,433,6071.0,1,6072.8,1,6071.0,0
2023-05-12 09:38:13,6073.0,433,6071.2,2,6072.8,1,6070.719999999999,0
2023-05-12 09:38:13,6073.0,433,6071.2,1,6072.8,1,6070.4400000000005,0
2023-05-12 09:38:14,6071.4,434,6070.8,2,6072.8,1,6070.32,0
2023-05-12 09:38:15,6070.8,436,6069.4,1,6072.4,1,6070.26,0
2023-05-12 09:38:15,6070.8,436,6069.4,1,6072.2,1,6070.2,0
2023-05-12 09:38:16,6070.2,439,6069.6,2,6070.4,1,6070.199999999999,0
2023-05-12 09:38:16,6070.2,439,6067.6,1,6070.2,1,6070.2,0
2023-05-12 09:38:17,6070.2,439,6068.0,2,6070.4,1,6070.2,0
2023-05-12 09:38:17,6070.2,439,6068.0,1,6070.0,1,6070.2,0
2023-05-12 09:38:18,6070.2,439,6067.8,2,6070.0,1,6070.2,0
2023-05-12 09:38:18,6070.2,439,6068.2,1,6070.2,2,6070.2,0
2023-05-12 09:38:19,6070.2,439,6066.0,1,6069.8,1,6070.2,0
2023-05-12 09:38:19,6070.2,439,6066.4,2,6069.8,1,6070.2,0
2023-05-12 09:38:20,6070.2,439,6066.6,2,6070.2,1,6070.199999999999,0
2023-05-12 09:38:20,6070.2,439,6067.0,1,6070.2,1,6070.2,0
2023-05-12 09:38:21,6070.2,439,6067.4,1,6070.0,1,6070.2,0
2023-05-12 09:38:21,6070.2,439,6067.8,3,6070.4,3,6070.2,0
2023-05-12 09:38:22,6070.2,439,6067.8,2,6070.2,1,6070.2,0
2023-05-12 09:38:22,6070.2,439,6067.8,1,6070.2,1,6070.2,0
2023-05-12 09:38:23,6070.2,439,6067.8,1,6070.0,1,6070.2,0
2023-05-12 09:38:23,6070.2,439,6067.8,1,6069.8,1,6070.2,0
2023-05-12 09:38:24,6070.2,439,6068.0,1,6069.8,1,6070.199999999999,0
2023-05-12 09:38:24,6070.2,439,6068.4,1,6073.0,1,6070.2,0
2023-05-12 09:38:25,6070.2,439,6068.6,1,6071.0,1,6070.2,0
2023-05-12 09:38:25,6070.2,439,6069.0,1,6070.6,1,6070.2,0
2023-05-12 09:38:26,6070.2,439,6068.0,1,6070.2,1,6070.2,0
2023-05-12 09:38:26,6070.2,439,6068.2,1,6069.8,1,6070.2,0
2023-05-12 09:38:27,6070.2,439,6068.0,1,6069.2,1,6070.2,0
2023-05-12 09:38:27,6070.2,439,6067.2,1,6069.8,1,6070.2,0
2023-05-12 09:38:28,6070.2,439,6067.8,1,6070.2,1,6070.199999999999,0
2023-05-12 09:38:28,6070.2,439,6068.0,2,6070.0,1,6070.2,0
2023-05-12 09:38:29,6070.2,440,6068.4,1,6072.8,1,6070.2,0
2023-05-12 09:38:29,6070.2,440,6068.6,1,6072.2,1,6070.2,0
2023-05-12 09:38:30,6070.2,440,6068.6,1,6071.8,1,6070.2,0
2023-05-12 09:38:30,6070.2,440,6068.6,1,6070.0,1,6070.2,0
2023-05-12 09:38:31,6070.2,440,6068.6,1,6070.0,1,6070.2,0
2023-05-12 09:38:31,6070.2,440,6068.0,1,6070.0,1,6070.18,0
2023-05-12 09:38:32,6070.2,440,6068.2,1,6070.0,1,6070.16,0
2023-05-12 09:38:32,6070.2,440,6068.4,2,6070.0,1,6070.14,0
2023-05-12 09:38:33,6070.2,440,6068.6,1,6070.0,1,6070.120000000001,0
2023-05-12 09:38:33,6070.2,440,6068.6,1,6070.0,1,6070.1,0
2023-05-12 09:38:34,6070.2,440,6068.8,1,6070.0,1,6070.08,0
2023-05-12 09:38:34,6070.2,440,6069.0,1,6070.0,1,6070.06,0
2023-05-12 09:38:35,6070.2,440,6069.0,1,6070.0,1,6070.04,0
2023-05-12 09:38:35,6070.2,440,6069.2,1,6070.0,1,6069.96,0
2023-05-12 09:38:40,6070.2,440,6069.2,1,6070.0,1,6069.879999999999,0
2023-05-12 09:38:41,6070.0,441,6069.2,1,6072.6,1,6069.8,0
2023-05-12 09:38:41,6070.0,441,6069.4,1,6071.8,1,6069.719999999999,0
2023-05-12 09:38:42,6070.0,441,6069.8,1,6071.6,1,6069.639999999999,0
2023-05-12 09:38:43,6070.0,441,6069.4,1,6071.4,1,6069.56,0
2023-05-12 09:38:44,6070.0,441,6069.4,1,6071.0,2,6069.48,0
2023-05-12 09:38:44,6070.0,441,6069.4,1,6071.0,2,6069.4,0
2023-05-12 09:38:45,6070.0,441,6069.4,1,6071.0,1,6069.32,0
2023-05-12 09:38:45,6070.0,441,6069.6,1,6070.6,1,6069.24,0
2023-05-12 09:38:46,6069.4,443,6069.2,1,6070.6,1,6069.219999999999,0
2023-05-12 09:38:46,6069.4,443,6069.2,1,6070.4,1,6069.2,0
2023-05-12 09:38:47,6069.2,444,6067.2,1,6070.0,1,6069.2,0
2023-05-12 09:38:47,6069.2,444,6068.0,1,6069.8,1,6069.2,0
2023-05-12 09:38:48,6069.2,444,6068.4,1,6070.4,1,6069.2,0
2023-05-12 09:38:49,6069.2,444,6068.0,1,6070.2,1,6069.199999999999,0
2023-05-12 09:38:49,6069.2,444,6068.0,1,6070.2,2,6069.2,0
2023-05-12 09:38:50,6069.2,444,6068.2,1,6070.2,2,6069.2,0
2023-05-12 09:38:50,6069.2,444,6068.2,1,6070.0,1,6069.2,0
2023-05-12 09:38:51,6069.2,444,6068.4,1,6070.0,1,6069.2,0
2023-05-12 09:38:51,6069.2,444,6068.2,1,6070.2,1,6069.2,0
2023-05-12 09:38:52,6069.2,444,6068.0,1,6070.0,1,6069.2,0
2023-05-12 09:38:52,6069.2,444,6068.0,1,6069.8,1,6069.2,0
2023-05-12 09:38:53,6069.2,444,6068.0,1,6069.4,1,6069.199999999999,0
2023-05-12 09:38:53,6069.2,444,6068.0,1,6069.4,1,6069.2,0
2023-05-12 09:38:54,6069.2,444,6068.0,1,6069.2,1,6069.2,0
2023-05-12 09:38:54,6069.2,444,6068.0,1,6069.2,1,6069.2,0
2023-05-12 09:38:55,6069.2,444,6068.2,1,6069.4,1,6069.219999999999,1
2023-05-12 09:38:55,6069.2,444,6068.2,1,6069.8,1,6069.24,1
2023-05-12 09:38:56,6069.2,444,6068.4,1,6070.2,1,6069.26,1
2023-05-12 09:38:56,6069.2,444,6068.6,1,6070.2,1,6069.219999999999,1
2023-05-12 09:38:57,6069.2,444,6068.4,1,6070.2,1,6069.179999999999,0
2023-05-12 09:38:58,6069.2,444,6068.2,1,6070.0,1,6069.14,0
2023-05-12 09:38:58,6069.2,444,6068.2,1,6069.4,1,6069.34,1
2023-05-12 09:38:59,6069.2,444,6068.2,1,6069.2,1,6069.539999999999,1
2023-05-12 09:38:59,6069.2,444,6068.2,1,6069.4,1,6069.74,1
2023-05-12 09:39:00,6069.2,444,6068.2,1,6069.4,1,6070.08,1
2023-05-12 09:39:00,6069.4,445,6068.2,1,6070.2,1,6070.4400000000005,1
2023-05-12 09:39:01,6069.4,445,6068.6,1,6071.2,1,6070.8,1
2023-05-12 09:39:01,6069.4,445,6068.6,1,6071.0,2,6071.12,1
2023-05-12 09:39:02,6068.8,446,6068.6,1,6071.0,1,6071.38,1
2023-05-12 09:39:02,6068.8,446,6068.8,1,6070.8,1,6071.64,1
2023-05-12 09:39:03,6068.8,446,6068.8,2,6070.8,1,6071.9,1
2023-05-12 09:39:03,6071.2,450,6069.2,1,6071.4,1,6071.92,1
2023-05-12 09:39:04,6071.2,450,6069.4,1,6072.4,1,6071.84,1
2023-05-12 09:39:04,6071.2,450,6070.4,1,6072.6,1,6071.76,1
2023-05-12 09:39:05,6072.6,451,6071.2,1,6073.0,2,6071.539999999999,0
2023-05-12 09:39:05,6073.0,452,6071.4,1,6073.0,1,6071.28,0
2023-05-12 09:39:06,6073.0,453,6071.4,1,6072.4,1,6071.02,0
2023-05-12 09:39:06,6072.6,454,6071.4,1,6072.2,1,6070.8,0
2023-05-12 09:39:07,6071.4,455,6070.4,1,6072.2,1,6070.7,0
2023-05-12 09:39:07,6071.4,455,6070.4,1,6071.8,1,6070.599999999999,0
2023-05-12 09:39:08,6071.4,455,6070.4,1,6071.8,1,6070.499999999999,0
2023-05-12 09:39:08,6071.4,455,6070.4,1,6071.8,1,6070.4,0
2023-05-12 09:39:09,6070.4,456,6069.4,1,6071.8,1,6070.4,0
2023-05-12 09:39:09,6070.4,456,6069.4,1,6071.6,2,6070.4,0
2023-05-12 09:39:10,6070.4,456,6069.4,1,6070.6,1,6070.4,0
2023-05-12 09:39:10,6070.4,456,6069.8,1,6071.6,1,6070.46,1
2023-05-12 09:39:11,6070.4,456,6069.8,1,6072.2,1,6070.52,1
2023-05-12 09:39:11,6070.4,456,6070.0,1,6072.2,1,6070.58,1
2023-05-12 09:39:12,6070.4,456,6070.0,1,6072.2,1,6070.639999999999,1
2023-05-12 09:39:12,6070.4,456,6070.0,1,6072.0,1,6070.7,1
2023-05-12 09:39:13,6070.4,456,6070.2,2,6073.2,1,6070.76,1
2023-05-12 09:39:13,6070.4,456,6070.2,2,6072.8,1,6070.82,1
2023-05-12 09:39:14,6070.4,456,6070.2,1,6072.6,1,6070.88,1
2023-05-12 09:39:14,6070.4,456,6069.8,1,6072.4,1,6070.9400000000005,1
2023-05-12 09:39:15,6070.4,456,6070.0,1,6071.0,1,6071.0,1
2023-05-12 09:39:15,6071.0,457,6071.2,1,6074.2,1,6071.0,0
2023-05-12 09:39:16,6071.0,457,6071.6,1,6073.4,1,6071.0,0
2023-05-12 09:39:16,6071.0,457,6071.8,1,6073.2,1,6071.0,0
2023-05-12 09:39:17,6071.0,457,6071.8,1,6073.8,1,6071.0,0
2023-05-12 09:39:17,6071.0,457,6071.8,1,6073.4,1,6071.0,0
2023-05-12 09:39:18,6071.0,457,6072.0,1,6073.8,1,6071.0,0
2023-05-12 09:39:19,6071.0,457,6072.2,1,6074.0,1,6071.0,0
2023-05-12 09:39:20,6071.0,457,6072.2,1,6074.0,1,6071.0,0
2023-05-12 09:39:20,6071.0,457,6072.0,1,6074.0,1,6071.0,0
2023-05-12 09:39:21,6071.0,457,6072.0,1,6074.0,1,6071.0,0
2023-05-12 09:39:21,6071.0,457,6072.0,1,6074.0,1,6071.0,0
2023-05-12 09:39:22,6071.0,457,6072.4,1,6074.0,1,6071.0,0
2023-05-12 09:39:22,6071.0,457,6072.0,1,6074.0,1,6071.0,0
2023-05-12 09:39:23,6071.0,457,6072.2,1,6073.8,1,6071.0,0
2023-05-12 09:39:23,6071.0,457,6072.2,1,6073.8,1,6071.0,0
2023-05-12 09:39:24,6071.0,457,6072.4,1,6073.8,1,6071.0,0
2023-05-12 09:39:24,6071.0,457,6072.6,3,6073.8,1,6071.0,0
2023-05-12 09:39:25,6071.0,457,6072.8,1,6073.6,1,6071.1,1
2023-05-12 09:39:25,6071.0,457,6072.6,2,6073.2,1,6071.2,1
2023-05-12 09:39:26,6071.0,457,6071.8,1,6073.2,1,6071.3,1
2023-05-12 09:39:26,6071.0,457,6071.6,2,6073.4,1,6071.4,1
2023-05-12 09:39:27,6071.0,457,6071.8,2,6073.4,1,6071.5,1
2023-05-12 09:39:27,6071.0,457,6072.0,1,6073.6,1,6071.6,1
2023-05-12 09:39:28,6071.0,457,6072.0,1,6073.6,1,6071.8,1
2023-05-12 09:39:28,6071.0,457,6072.0,2,6073.6,1,6072.0,1
2023-05-12 09:39:29,6071.0,457,6072.0,2,6073.6,1,6072.2,1
2023-05-12 09:39:29,6071.0,457,6072.0,2,6073.6,1,6072.4,1
2023-05-12 09:39:30,6072.0,458,6072.2,1,6073.6,1,6072.5,1
2023-05-12 09:39:30,6072.0,458,6072.4,1,6073.4,1,6072.6,1
2023-05-12 09:39:31,6072.0,458,6072.4,1,6073.2,1,6072.7,1
2023-05-12 09:39:31,6072.0,458,6072.4,1,6073.2,1,6072.8,1
2023-05-12 09:39:32,6072.0,458,6072.4,1,6073.4,1,6072.84,1
2023-05-12 09:39:32,6072.0,458,6072.4,1,6073.2,1,6072.84,1
2023-05-12 09:39:33,6073.0,459,6072.4,1,6073.6,1,6072.74,0
2023-05-12 09:39:33,6073.0,459,6072.4,2,6073.2,1,6072.64,0
2023-05-12 09:39:34,6073.0,459,6072.4,2,6073.2,1,6072.54,0
2023-05-12 09:39:35,6073.0,459,6072.4,2,6073.4,2,6072.4400000000005,0
2023-05-12 09:39:36,6073.0,459,6072.4,2,6073.6,1,6072.34,0
2023-05-12 09:39:37,6073.0,459,6072.4,2,6073.0,1,6072.24,0
2023-05-12 09:39:38,6073.0,459,6072.4,2,6072.8,1,6072.14,0
2023-05-12 09:39:38,6073.0,459,6072.4,2,6072.8,1,6072.04,0
2023-05-12 09:39:39,6072.4,461,6072.0,1,6072.6,1,6072.0,0
2023-05-12 09:39:39,6072.0,462,6071.0,1,6072.2,1,6072.0,0
2023-05-12 09:39:40,6072.0,462,6071.0,1,6072.2,1,6072.0,0
2023-05-12 09:39:40,6072.0,462,6071.0,1,6072.4,1,6072.0,0
2023-05-12 09:39:41,6072.0,462,6071.2,1,6073.8,1,6072.0,0
2023-05-12 09:39:41,6072.0,462,6071.6,2,6073.6,1,6072.0,0
2023-05-12 09:39:42,6072.0,462,6072.0,1,6073.8,1,6072.0,0
2023-05-12 09:39:42,6072.0,462,6072.6,1,6073.6,1,6072.0,0
2023-05-12 09:39:43,6072.0,462,6071.4,1,6073.2,1,6072.0,0
2023-05-12 09:39:43,6072.0,462,6071.6,6,6073.4,1,6072.0,0
2023-05-12 09:39:44,6072.0,462,6071.8,1,6073.8,2,6072.0,0
2023-05-12 09:39:44,6072.0,462,6071.8,1,6073.8,2,6072.0,0
2023-05-12 09:39:45,6072.0,462,6072.0,1,6073.8,2,6072.0,0
2023-05-12 09:39:45,6072.0,462,6072.0,1,6073.8,2,6072.0,0
2023-05-12 09:39:46,6072.0,462,6072.0,1,6073.6,1,6072.0,0
2023-05-12 09:39:46,6072.0,462,6071.6,4,6073.6,1,6072.0,0
2023-05-12 09:39:47,6072.0,462,6072.0,1,6073.6,1,6072.0,0
2023-05-12 09:39:47,6072.0,462,6072.0,1,6073.6,2,6072.0,0
2023-05-12 09:39:48,6072.0,462,6071.6,4,6073.2,1,6072.0,0
2023-05-12 09:39:48,6072.0,462,6071.6,3,6073.0,1,6071.96,0
2023-05-12 09:39:49,6072.0,462,6071.8,1,6072.6,1,6071.879999999999,0
2023-05-12 09:39:49,6072.0,462,6071.8,1,6073.2,1,6071.86,0
2023-05-12 09:39:50,6072.0,462,6071.8,1,6073.0,2,6071.84,0
2023-05-12 09:39:50,6072.0,462,6071.6,3,6072.8,1,6071.82,0
2023-05-12 09:39:51,6072.0,462,6071.6,3,6073.0,1,6071.8,0
2023-05-12 09:39:51,6072.0,462,6071.6,3,6073.0,1,6071.780000000001,0
2023-05-12 09:39:52,6072.0,462,6071.6,3,6073.0,1,6071.76,0
2023-05-12 09:39:52,6072.0,462,6071.6,3,6072.6,1,6071.74,0
2023-05-12 09:39:54,6072.0,462,6071.6,2,6072.6,1,6071.719999999999,0
2023-05-12 09:39:54,6071.6,464,6071.2,1,6072.6,1,6071.74,1
2023-05-12 09:39:55,6071.2,465,6070.6,1,6072.2,1,6071.800000000001,1
2023-05-12 09:39:55,6071.8,466,6070.6,1,6072.2,1,6071.8,0
2023-05-12 09:39:56,6071.8,466,6070.8,1,6073.0,1,6071.8,0
2023-05-12 09:39:56,6071.8,466,6070.6,1,6072.6,2,6071.780000000001,0
2023-05-12 09:39:57,6071.8,466,6070.8,2,6073.0,1,6071.76,0
2023-05-12 09:39:57,6071.8,466,6071.2,1,6073.4,1,6071.76,0
2023-05-12 09:39:58,6071.8,466,6071.8,1,6073.4,1,6071.74,0
2023-05-12 09:39:58,6071.8,466,6071.8,1,6073.4,1,6071.719999999999,0
2023-05-12 09:39:59,6071.8,466,6071.8,1,6073.4,1,6071.700000000001,0
2023-05-12 09:39:59,6071.8,466,6071.8,1,6073.4,1,6071.68,0
2023-05-12 09:40:00,6071.8,466,6071.8,1,6073.2,1,6071.56,0
2023-05-12 09:40:00,6071.8,466,6071.8,1,6073.0,1,6071.4400000000005,0
2023-05-12 09:40:01,6071.8,466,6071.6,2,6072.8,1,6071.320000000001,0
2023-05-12 09:40:01,6071.6,468,6070.8,2,6072.4,1,6071.22,0
2023-05-12 09:40:02,6071.6,468,6071.8,9,6072.2,1,6071.120000000001,0
2023-05-12 09:40:02,6071.8,477,6070.6,1,6071.6,1,6071.0,0
2023-05-12 09:40:03,6071.6,478,6070.6,1,6071.6,1,6070.900000000001,0
2023-05-12 09:40:03,6071.6,479,6070.8,1,6072.4,1,6070.800000000001,0
2023-05-12 09:40:04,6071.6,479,6070.8,1,6072.8,2,6070.7,0
2023-05-12 09:40:04,6071.6,479,6070.6,1,6072.4,2,6070.6,0
2023-05-12 09:40:05,6070.6,480,6069.4,1,6072.2,1,6070.6,0
2023-05-12 09:40:05,6070.6,480,6069.6,1,6071.8,1,6070.6,0
2023-05-12 09:40:06,6070.6,480,6069.8,1,6072.2,1,6070.6,0
2023-05-12 09:40:06,6070.6,480,6069.4,1,6071.8,1,6070.6,0
2023-05-12 09:40:07,6070.6,480,6069.6,2,6071.4,1,6070.6,0
2023-05-12 09:40:07,6070.6,480,6069.6,3,6072.0,1,6070.6,0
2023-05-12 09:40:08,6070.6,480,6069.6,2,6071.8,2,6070.6,0
2023-05-12 09:40:08,6070.6,480,6069.6,2,6071.8,1,6070.6,0
2023-05-12 09:40:09,6070.6,480,6069.4,1,6071.4,2,6070.6,0
2023-05-12 09:40:09,6070.6,480,6069.2,2,6071.4,2,6070.52,0
2023-05-12 09:40:10,6070.6,480,6069.2,2,6070.4,1,6070.42,0
2023-05-12 09:40:10,6070.6,480,6069.4,1,6071.4,1,6070.3,0
2023-05-12 09:40:11,6070.6,480,6069.6,1,6071.2,2,6070.160000000001,0
2023-05-12 09:40:11,6070.6,480,6069.8,1,6071.2,1,6070.02,0
2023-05-12 09:40:12,6070.6,480,6069.6,1,6071.0,1,6069.88,0
2023-05-12 09:40:13,6070.6,480,6069.2,3,6070.8,1,6069.74,0
2023-05-12 09:40:13,6070.6,480,6069.4,2,6071.0,1,6069.6,0
2023-05-12 09:40:14,6070.6,480,6069.6,1,6071.0,1,6069.46,0
2023-05-12 09:40:14,6070.6,480,6069.6,1,6071.0,1,6069.32,0
2023-05-12 09:40:15,6069.8,481,6069.6,1,6070.8,1,6069.34,0
2023-05-12 09:40:15,6069.6,482,6069.4,1,6070.6,1,6069.379999999999,0
2023-05-12 09:40:16,6069.4,483,6069.2,3,6069.8,1,6069.4400000000005,1
2023-05-12 09:40:16,6069.2,485,6069.2,1,6070.2,1,6069.52,1
2023-05-12 09:40:17,6069.2,486,6068.0,1,6070.0,1,6069.6,1
2023-05-12 09:40:17,6069.2,486,6068.2,1,6069.6,1,6069.68,1
2023-05-12 09:40:18,6069.2,486,6068.2,1,6069.4,1,6069.76,1
2023-05-12 09:40:18,6069.2,486,6068.4,1,6069.8,1,6069.84,1
2023-05-12 09:40:19,6069.2,486,6068.6,1,6069.8,1,6069.92,1
2023-05-12 09:40:19,6069.2,486,6068.8,1,6070.0,1,6070.0,1
2023-05-12 09:40:20,6070.0,487,6068.8,1,6070.6,1,6070.0,0
2023-05-12 09:40:21,6070.0,487,6069.0,2,6071.0,1,6070.0,0
2023-05-12 09:40:21,6070.0,487,6069.2,2,6071.0,1,6070.0,0
2023-05-12 09:40:22,6070.0,487,6069.2,1,6071.0,1,6070.0,0
2023-05-12 09:40:22,6070.0,487,6069.2,1,6071.0,1,6070.0,0
2023-05-12 09:40:23,6070.0,487,6069.2,1,6071.0,1,6070.1,1
2023-05-12 09:40:23,6070.0,487,6069.6,2,6071.0,1,6070.2,1
2023-05-12 09:40:24,6070.0,487,6069.6,1,6071.0,1,6070.3,1
2023-05-12 09:40:24,6070.0,487,6069.8,1,6071.0,1,6070.4,1
2023-05-12 09:40:25,6070.0,487,6069.2,1,6071.0,1,6070.5,1
2023-05-12 09:40:26,6070.0,487,6069.2,1,6071.0,1,6070.6,1
2023-05-12 09:40:26,6070.0,487,6069.2,1,6070.8,2,6070.7,1
2023-05-12 09:40:27,6070.0,487,6069.0,1,6070.8,2,6070.8,1
2023-05-12 09:40:28,6070.0,487,6069.4,1,6071.0,1,6070.9,1
2023-05-12 09:40:29,6070.0,487,6069.6,1,6071.0,1,6071.0,1
2023-05-12 09:40:31,6071.0,488,6069.8,1,6072.0,1,6071.0,0
2023-05-12 09:40:31,6071.0,488,6070.0,1,6071.8,2,6071.0,0
2023-05-12 09:40:32,6071.0,488,6070.2,1,6071.8,2,6071.0,0
2023-05-12 09:40:32,6071.0,488,6069.2,1,6071.8,2,6071.0,0
2023-05-12 09:40:33,6071.0,488,6069.4,1,6071.2,1,6071.0,0
2023-05-12 09:40:33,6071.0,488,6069.0,1,6071.0,1,6071.0,0
2023-05-12 09:40:34,6071.0,488,6069.2,2,6071.0,1,6071.0,0
2023-05-12 09:40:34,6071.0,488,6069.4,1,6071.2,1,6071.0,0
2023-05-12 09:40:35,6071.0,488,6069.2,1,6071.0,1,6071.0,0
2023-05-12 09:40:36,6071.0,488,6069.0,1,6071.2,1,6071.0,0
2023-05-12 09:40:36,6071.0,488,6069.0,1,6071.0,1,6071.0,0
2023-05-12 09:40:37,6071.0,488,6069.2,2,6071.2,1,6071.0,0
2023-05-12 09:40:38,6071.0,488,6069.4,1,6071.2,1,6071.0,0
2023-05-12 09:40:39,6071.0,488,6069.4,1,6071.2,1,6071.0,0
2023-05-12 09:40:40,6071.0,488,6069.4,1,6071.2,1,6071.0,0
2023-05-12 09:40:40,6071.0,488,6069.6,1,6071.2,1,6070.82,0
2023-05-12 09:40:41,6071.0,488,6069.4,1,6071.2,1,6070.62,0
2023-05-12 09:40:42,6071.0,488,6069.2,1,6071.2,1,6070.4,0
2023-05-12 09:40:42,6071.0,488,6069.0,1,6071.2,1,6070.18,0
2023-05-12 09:40:43,6071.0,488,6069.2,1,6071.0,1,6069.96,0
2023-05-12 09:40:44,6071.0,488,6069.2,1,6071.0,1,6069.74,0
2023-05-12 09:40:45,6071.0,488,6069.2,1,6071.0,1,6069.52,0
2023-05-12 09:40:45,6071.0,488,6069.2,1,6071.0,1,6069.3,0
2023-05-12 09:40:46,6071.0,488,6069.2,1,6071.0,1,6069.08,0
2023-05-12 09:40:46,6071.0,488,6069.2,1,6070.6,1,6068.86,0
2023-05-12 09:40:47,6069.2,489,6069.0,1,6069.4,1,6068.820000000001,0
2023-05-12 09:40:47,6069.0,490,6068.8,11,6069.4,1,6068.800000000001,0
2023-05-12 09:40:48,6068.8,492,6068.8,9,6069.4,1,6068.88,1
2023-05-12 09:40:49,6068.8,492,6068.8,9,6069.2,1,6068.96,1
2023-05-12 09:40:49,6068.8,492,6068.8,9,6069.2,1,6069.04,1
2023-05-12 09:40:50,6068.8,497,6068.8,4,6069.4,1,6069.1,1
2023-05-12 09:40:50,6068.8,497,6068.8,4,6069.2,1,6069.16,1
2023-05-12 09:40:51,6068.8,497,6068.8,4,6069.0,1,6069.22,1
2023-05-12 09:40:51,6068.8,497,6068.8,4,6069.4,1,6069.28,1
2023-05-12 09:40:52,6068.8,497,6068.8,4,6069.4,1,6069.34,1
2023-05-12 09:40:52,6068.8,497,6068.8,4,6070.2,1,6069.4,1
2023-05-12 09:40:53,6068.8,497,6068.8,4,6069.6,1,6069.46,1
2023-05-12 09:40:53,6069.6,498,6068.8,4,6069.0,1,6069.44,0
2023-05-12 09:40:54,6069.6,498,6068.8,4,6070.2,1,6069.42,0
2023-05-12 09:40:54,6069.6,498,6068.8,4,6069.4,1,6069.34,0
2023-05-12 09:40:55,6069.4,499,6069.0,1,6070.2,1,6069.28,0
2023-05-12 09:40:55,6069.4,499,6069.4,1,6070.6,1,6069.219999999999,0
2023-05-12 09:40:56,6069.4,499,6069.8,1,6071.4,1,6069.16,0
2023-05-12 09:40:56,6069.4,499,6069.4,1,6071.2,2,6069.1,0
2023-05-12 09:40:57,6069.4,499,6068.8,4,6071.0,1,6069.04,0
2023-05-12 09:40:58,6069.4,499,6069.0,1,6070.4,1,6068.9800000000005,0
2023-05-12 09:40:59,6069.4,499,6068.8,4,6070.2,1,6068.92,0
2023-05-12 09:40:59,6069.4,499,6068.8,4,6070.4,1,6068.860000000001,0
2023-05-12 09:41:00,6069.4,499,6068.8,4,6070.2,2,6068.8,0
2023-05-12 09:41:01,6068.8,503,6067.4,1,6070.0,6,6068.8,0
2023-05-12 09:41:02,6068.8,503,6067.6,1,6069.2,1,6068.800000000001,1
2023-05-12 09:41:02,6068.8,503,6067.8,1,6069.0,1,6068.8,0
2023-05-12 09:41:03,6068.8,503,6067.6,1,6068.8,1,6068.8,0
2023-05-12 09:41:03,6068.8,503,6066.2,1,6068.4,1,6068.8,0
2023-05-12 09:41:04,6068.8,503,6066.6,2,6068.8,1,6068.8,0
2023-05-12 09:41:04,6068.8,503,6066.8,2,6068.8,1,6068.8,0
2023-05-12 09:41:05,6068.8,503,6066.8,2,6068.6,1,6068.8,0
2023-05-12 09:41:05,6068.8,503,6066.8,1,6068.6,1,6068.8,0
2023-05-12 09:41:06,6068.8,503,6066.4,2,6068.6,1,6068.800000000001,1
2023-05-12 09:41:06,6068.8,503,6066.4,1,6068.2,1,6068.8,0
2023-05-12 09:41:07,6068.8,503,6066.8,1,6068.8,1,6068.8,0
2023-05-12 09:41:07,6068.8,503,6066.8,2,6068.8,1,6068.8,0
2023-05-12 09:41:08,6068.8,503,6066.8,2,6068.8,1,6068.9400000000005,1
2023-05-12 09:41:09,6068.8,503,6066.8,2,6068.8,1,6069.1,1
2023-05-12 09:41:10,6068.8,503,6066.8,2,6068.8,1,6069.26,1
2023-05-12 09:41:10,6068.8,503,6067.0,1,6068.8,1,6069.42,1
2023-05-12 09:41:11,6068.8,504,6067.8,1,6069.8,3,6069.58,1
2023-05-12 09:41:11,6068.8,504,6068.6,1,6069.8,2,6069.74,1
2023-05-12 09:41:12,6068.8,504,6068.6,1,6070.0,2,6069.9,1
2023-05-12 09:41:12,6068.8,504,6068.8,1,6070.2,1,6070.06,1
2023-05-12 09:41:13,6068.8,504,6068.8,1,6070.2,1,6070.219999999999,1
2023-05-12 09:41:13,6068.8,505,6068.8,1,6070.2,1,6070.28,1
2023-05-12 09:41:14,6070.2,506,6068.8,1,6070.4,2,6070.199999999999,0
2023-05-12 09:41:14,6070.4,508,6069.2,2,6071.6,1,6070.099999999999,0
2023-05-12 09:41:15,6070.4,508,6069.2,2,6071.4,2,6070.0,0
2023-05-12 09:41:15,6070.4,508,6070.2,1,6071.2,1,6069.9,0
2023-05-12 09:41:16,6070.4,508,6070.2,1,6071.4,2,6069.799999999999,0
2023-05-12 09:41:16,6070.4,508,6070.2,1,6071.6,1,6069.699999999999,0
2023-05-12 09:41:17,6070.4,508,6069.4,1,6071.6,1,6069.6,0
2023-05-12 09:41:17,6070.4,508,6069.6,1,6071.2,1,6069.5,0
2023-05-12 09:41:18,6070.4,508,6069.8,2,6071.2,1,6069.4,0
2023-05-12 09:41:18,6069.4,511,6069.2,1,6071.2,1,6069.4,0
2023-05-12 09:41:19,6069.4,511,6067.6,1,6070.8,1,6069.4,0
2023-05-12 09:41:19,6069.4,511,6068.0,2,6070.6,2,6069.4,0
2023-05-12 09:41:20,6069.4,511,6068.0,2,6070.4,1,6069.4,0
2023-05-12 09:41:20,6069.4,511,6068.0,2,6070.2,1,6069.4,0
2023-05-12 09:41:21,6069.4,511,6068.4,1,6071.0,3,6069.4,0
2023-05-12 09:41:21,6069.4,511,6068.6,1,6071.0,3,6069.4,0
2023-05-12 09:41:22,6069.4,511,6069.0,1,6071.0,3,6069.4,0
2023-05-12 09:41:22,6069.4,511,6069.0,1,6071.0,2,6069.4,0
2023-05-12 09:41:23,6069.4,511,6068.0,1,6070.6,1,6069.4,0
2023-05-12 09:41:23,6069.4,511,6067.8,2,6070.4,1,6069.4,0
2023-05-12 09:41:24,6069.4,511,6068.2,1,6070.2,2,6069.4,0
2023-05-12 09:41:24,6069.4,511,6068.4,1,6070.2,1,6069.4,0
2023-05-12 09:41:25,6069.4,511,6068.4,3,6070.4,1,6069.4,0
2023-05-12 09:41:26,6069.4,511,6068.4,3,6070.8,1,6069.4,0
2023-05-12 09:41:26,6069.4,511,6068.4,3,6070.6,1,6069.4,0
2023-05-12 09:41:27,6069.4,511,6068.4,3,6070.8,1,6069.4,0
2023-05-12 09:41:27,6069.4,511,6068.4,3,6071.0,2,6069.4,0
2023-05-12 09:41:28,6069.4,511,6068.6,1,6071.0,1,6069.4,0
2023-05-12 09:41:29,6069.4,511,6069.0,1,6071.0,1,6069.4,0
2023-05-12 09:41:29,6069.4,511,6069.2,1,6071.0,1,6069.4,0
2023-05-12 09:41:30,6069.4,511,6069.2,1,6070.8,1,6069.4,0
2023-05-12 09:41:30,6069.4,511,6069.4,1,6070.8,1,6069.4,0
2023-05-12 09:41:31,6069.4,511,6069.2,1,6070.8,1,6069.4,0
2023-05-12 09:41:32,6069.4,511,6069.2,1,6070.6,1,6069.4,0
2023-05-12 09:41:33,6069.4,511,6069.2,1,6070.6,1,6069.4,0
2023-05-12 09:41:33,6069.4,511,6069.2,1,6070.8,1,6069.4,0
2023-05-12 09:41:34,6069.4,511,6069.2,1,6070.8,1,6069.4,0
2023-05-12 09:41:36,6069.4,511,6069.4,1,6071.0,1,6069.4,0
2023-05-12 09:41:38,6069.4,511,6069.4,1,6071.2,1,6069.62,1
2023-05-12 09:41:38,6069.4,511,6069.4,1,6071.6,1,6069.84,1
2023-05-12 09:41:39,6069.4,511,6070.0,1,6071.4,1,6070.06,1
2023-05-12 09:41:39,6069.4,511,6070.0,1,6071.2,1,6070.28,1
2023-05-12 09:41:40,6069.4,511,6070.0,1,6071.2,1,6070.5,1
2023-05-12 09:41:40,6069.4,511,6070.0,2,6071.2,1,6070.72,1
2023-05-12 09:41:41,6069.4,511,6070.2,2,6071.6,1,6070.9400000000005,1
2023-05-12 09:41:41,6069.4,511,6070.2,2,6071.6,1,6071.16,1
2023-05-12 09:41:42,6069.4,511,6070.2,1,6071.4,1,6071.38,1
2023-05-12 09:41:42,6069.4,511,6070.0,2,6071.6,1,6071.6,1
2023-05-12 09:41:43,6071.6,512,6070.2,3,6072.8,1,6071.6,0
2023-05-12 09:41:43,6071.6,512,6070.6,1,6072.6,3,6071.6,0
2023-05-12 09:41:44,6071.6,512,6070.4,1,6072.4,2,6071.6,0
2023-05-12 09:41:44,6071.6,512,6070.4,1,6072.2,2,6071.6,0
2023-05-12 09:41:45,6071.6,512,6070.4,1,6072.2,1,6071.6,0
2023-05-12 09:41:45,6071.6,512,6070.4,1,6072.2,1,6071.6,0
2023-05-12 09:41:46,6071.6,512,6070.4,1,6072.4,1,6071.6,0
2023-05-12 09:41:46,6071.6,512,6070.6,1,6072.2,1,6071.6,0
2023-05-12 09:41:47,6071.6,512,6070.6,2,6072.2,1,6071.6,0
2023-05-12 09:41:47,6071.6,512,6070.6,1,6072.4,1,6071.6,0
2023-05-12 09:41:48,6071.6,512,6070.6,1,6072.2,1,6071.6,0
2023-05-12 09:41:50,6071.6,512,6070.6,1,6072.0,1,6071.6,0
2023-05-12 09:41:50,6071.6,512,6070.6,1,6072.0,1,6071.6,0
2023-05-12 09:41:51,6071.6,512,6070.6,1,6072.2,1,6071.6,0
2023-05-12 09:41:51,6071.6,512,6070.6,1,6071.8,1,6071.6,0
2023-05-12 09:41:52,6071.6,512,6070.6,2,6071.8,1,6071.6,0
2023-05-12 09:41:52,6071.6,512,6070.6,2,6072.2,1,6071.6,0
2023-05-12 09:41:53,6071.6,512,6070.6,2,6072.2,1,6071.6,0
2023-05-12 09:41:53,6071.6,512,6070.8,2,6072.6,2,6071.6,0
2023-05-12 09:41:54,6071.6,512,6070.8,1,6072.8,1,6071.6,0
2023-05-12 09:41:54,6071.6,512,6071.2,1,6072.8,1,6071.6,0
2023-05-12 09:41:55,6071.6,512,6071.4,2,6072.6,1,6071.6,0
2023-05-12 09:41:55,6071.6,512,6070.6,4,6072.6,1,6071.6,0
2023-05-12 09:41:56,6071.6,512,6070.8,1,6072.6,1,6071.6,0
2023-05-12 09:41:56,6071.6,512,6070.8,1,6072.6,1,6071.620000000001,1
2023-05-12 09:41:57,6071.6,512,6070.8,1,6072.4,1,6071.64,1
2023-05-12 09:41:58,6071.6,512,6070.8,1,6072.6,1,6071.660000000001,1
2023-05-12 09:41:59,6071.6,512,6070.8,1,6072.4,1,6071.68,1
2023-05-12 09:41:59,6071.6,512,6070.8,1,6072.2,1,6071.700000000001,1
2023-05-12 09:42:00,6071.6,512,6070.8,1,6072.4,1,6071.719999999999,1
2023-05-12 09:42:00,6071.6,512,6070.8,1,6072.6,1,6071.8,1
2023-05-12 09:42:01,6071.6,512,6071.2,1,6072.6,1,6071.88,1
2023-05-12 09:42:02,6071.6,512,6070.6,2,6072.4,1,6071.960000000001,1
2023-05-12 09:42:02,6071.6,512,6070.6,2,6072.0,1,6072.08,1
2023-05-12 09:42:03,6071.8,513,6070.6,2,6072.0,1,6072.160000000001,1
2023-05-12 09:42:03,6071.8,513,6070.8,2,6071.8,1,6072.24,1
2023-05-12 09:42:04,6071.8,513,6071.4,1,6072.6,1,6072.320000000001,1
2023-05-12 09:42:05,6071.8,513,6071.0,1,6072.6,1,6072.4,1
2023-05-12 09:42:05,6071.8,513,6071.0,1,6072.4,1,6072.4800000000005,1
2023-05-12 09:42:06,6071.8,513,6070.6,2,6072.2,2,6072.56,1
2023-05-12 09:42:06,6072.4,516,6070.6,2,6072.6,1,6072.58,1
2023-05-12 09:42:07,6072.4,516,6071.0,2,6072.4,1,6072.6,1
2023-05-12 09:42:07,6072.4,517,6072.4,1,6072.8,1,6072.62,1
2023-05-12 09:42:08,6072.8,518,6072.6,1,6073.0,2,6072.6,0
2023-05-12 09:42:08,6072.6,522,6072.4,1,6075.6,1,6072.68,1
2023-05-12 09:42:09,6072.6,522,6072.4,1,6074.4,1,6072.76,1
2023-05-12 09:42:09,6072.6,522,6072.6,1,6074.2,1,6072.84,1
2023-05-12 09:42:10,6072.6,522,6072.4,1,6073.8,1,6072.92,1
2023-05-12 09:42:10,6072.6,522,6072.4,1,6073.8,1,6073.0,1
2023-05-12 09:42:11,6072.6,522,6072.4,1,6073.8,1,6073.08,1
2023-05-12 09:42:12,6072.6,522,6072.4,1,6073.6,7,6073.16,1
2023-05-12 09:42:13,6072.6,522,6072.4,1,6073.4,1,6073.24,1
2023-05-12 09:42:13,6072.6,522,6071.4,1,6073.4,1,6073.32,1
2023-05-12 09:42:14,6072.6,522,6071.8,1,6073.4,1,6073.4,1
2023-05-12 09:42:15,6073.4,523,6071.8,1,6073.6,6,6073.42,1
2023-05-12 09:42:15,6073.4,523,6072.0,1,6073.6,6,6073.4400000000005,1
2023-05-12 09:42:16,6073.4,523,6072.4,2,6073.6,6,6073.46,1
2023-05-12 09:42:17,6073.4,523,6072.4,2,6073.6,6,6073.48,1
2023-05-12 09:42:17,6073.4,523,6072.4,2,6073.6,6,6073.5,1
2023-05-12 09:42:19,6073.4,523,6072.4,1,6073.6,6,6073.58,1
2023-05-12 09:42:20,6073.4,523,6072.4,1,6073.6,6,6073.64,1
2023-05-12 09:42:20,6073.4,523,6072.4,1,6073.6,6,6073.7,1
2023-05-12 09:42:21,6073.4,523,6072.6,1,6073.6,6,6073.76,1
2023-05-12 09:42:21,6073.4,523,6072.8,1,6073.6,6,6073.92,1
2023-05-12 09:42:22,6073.6,524,6072.8,2,6073.6,5,6074.06,1
2023-05-12 09:42:22,6073.6,529,6072.8,3,6075.4,4,6074.2,1
2023-05-12 09:42:23,6073.6,529,6074.0,1,6075.2,2,6074.14,1
2023-05-12 09:42:23,6073.6,529,6074.2,1,6075.2,2,6074.08,1
2023-05-12 09:42:24,6073.6,529,6074.2,1,6075.2,1,6074.02,1
2023-05-12 09:42:24,6074.2,530,6074.0,1,6075.0,1,6073.9,0
2023-05-12 09:42:25,6074.0,531,6072.8,2,6074.6,1,6073.8,0
2023-05-12 09:42:25,6074.0,531,6072.8,2,6074.6,1,6073.7,0
2023-05-12 09:42:26,6074.0,531,6072.8,2,6074.4,1,6073.6,0
2023-05-12 09:42:27,6075.0,532,6072.8,2,6075.0,1,6073.4,0
2023-05-12 09:42:27,6075.0,532,6073.0,2,6073.6,1,6073.2,0
2023-05-12 09:42:28,6075.0,532,6073.0,1,6073.6,1,6073.0,0
2023-05-12 09:42:28,6073.0,533,6072.8,2,6074.4,2,6073.0,0
2023-05-12 09:42:29,6073.0,533,6073.0,1,6074.0,1,6073.0,0
2023-05-12 09:42:29,6073.0,533,6073.0,1,6074.0,1,6073.0,0
2023-05-12 09:42:30,6073.0,534,6072.8,1,6074.0,1,6073.0,0
2023-05-12 09:42:31,6073.0,534,6072.8,1,6074.0,1,6073.0,0
2023-05-12 09:42:32,6073.0,534,6072.8,1,6074.4,2,6073.0,0
2023-05-12 09:42:32,6073.0,534,6073.0,1,6074.4,2,6073.0,0
2023-05-12 09:42:33,6073.0,534,6073.0,1,6074.0,5,6073.0,0
2023-05-12 09:42:33,6073.0,534,6072.8,1,6074.0,5,6073.0,0
2023-05-12 09:42:34,6073.0,534,6072.8,1,6073.8,1,6073.0,0
2023-05-12 09:42:35,6073.0,534,6072.8,1,6073.8,1,6073.0,0
2023-05-12 09:42:35,6073.0,534,6072.8,1,6073.8,1,6073.0,0
2023-05-12 09:42:36,6073.0,534,6072.8,1,6073.8,1,6073.0,0
2023-05-12 09:42:37,6073.0,534,6072.8,1,6074.4,2,6073.16,1
2023-05-12 09:42:37,6073.0,534,6072.8,1,6074.2,1,6073.32,1
2023-05-12 09:42:39,6073.0,534,6072.8,1,6074.2,1,6073.4800000000005,1
2023-05-12 09:42:42,6073.0,534,6072.8,1,6074.4,2,6073.64,1
2023-05-12 09:42:43,6073.0,534,6073.0,1,6074.4,2,6073.8,1
2023-05-12 09:42:44,6073.0,534,6073.0,1,6075.0,1,6073.96,1
2023-05-12 09:42:44,6073.0,534,6073.2,1,6074.8,1,6074.120000000001,1
2023-05-12 09:42:45,6073.0,534,6073.2,1,6074.6,2,6074.280000000001,1
2023-05-12 09:42:46,6073.0,534,6073.2,1,6074.6,1,6074.5,1
2023-05-12 09:42:47,6073.0,534,6073.2,1,6074.6,1,6074.72,1
2023-05-12 09:42:47,6074.6,535,6072.8,1,6074.8,1,6074.780000000001,1
2023-05-12 09:42:48,6074.6,535,6073.0,2,6074.6,2,6074.84,1
2023-05-12 09:42:48,6074.6,535,6073.0,1,6074.6,2,6074.879999999999,1
2023-05-12 09:42:52,6074.6,535,6073.2,1,6074.6,1,6074.92,1
2023-05-12 09:42:53,6074.6,536,6073.2,1,6074.8,1,6074.96,1
2023-05-12 09:42:53,6074.6,536,6073.2,1,6075.4,2,6075.0,1
2023-05-12 09:42:54,6074.6,536,6073.6,2,6075.2,2,6075.039999999999,1
2023-05-12 09:42:55,6074.6,536,6074.0,2,6075.2,1,6075.08,1
2023-05-12 09:42:56,6075.2,537,6074.4,1,6077.4,1,6075.06,0
2023-05-12 09:42:56,6075.2,537,6074.6,1,6075.6,1,6075.039999999999,0
2023-05-12 09:42:57,6075.2,537,6074.4,1,6075.6,1,6075.02,0
2023-05-12 09:42:57,6075.2,537,6074.4,1,6075.6,1,6075.0,0
2023-05-12 09:42:58,6075.0,538,6074.4,1,6075.6,1,6075.0,0
2023-05-12 09:42:59,6075.0,538,6073.6,2,6075.6,1,6075.0,0
2023-05-12 09:42:59,6075.0,538,6074.0,1,6075.6,1,6075.08,1
2023-05-12 09:43:00,6075.0,538,6073.8,1,6076.6,1,6075.160000000001,1
2023-05-12 09:43:00,6075.0,538,6073.8,1,6076.2,1,6075.24,1
2023-05-12 09:43:01,6075.0,538,6073.6,1,6075.6,2,6075.320000000001,1
2023-05-12 09:43:01,6075.0,538,6073.6,1,6075.4,2,6075.5,1
2023-05-12 09:43:02,6075.0,538,6073.8,1,6075.4,2,6075.68,1
2023-05-12 09:43:02,6075.0,538,6073.8,1,6075.6,2,6075.860000000001,1
2023-05-12 09:43:03,6075.0,538,6074.0,2,6075.8,1,6076.04,1
2023-05-12 09:43:03,6075.0,538,6074.0,2,6075.8,1,6076.22,1
2023-05-12 09:43:04,6075.0,538,6074.2,1,6075.8,1,6076.400000000001,1
2023-05-12 09:43:04,6075.8,539,6074.4,1,6076.0,3,6076.56,1
2023-05-12 09:43:05,6075.8,539,6074.6,1,6076.8,1,6076.62,1
2023-05-12 09:43:05,6075.8,539,6074.4,1,6076.6,1,6076.68,1
2023-05-12 09:43:06,6075.8,539,6074.8,1,6076.8,1,6076.719999999999,1
2023-05-12 09:43:07,6076.8,540,6075.6,1,6077.0,1,6076.66,0
2023-05-12 09:43:07,6076.8,540,6076.6,1,6077.6,1,6076.6,0
2023-05-12 09:43:08,6076.8,540,6075.6,1,6077.6,1,6076.539999999999,0
2023-05-12 09:43:08,6076.8,540,6076.2,2,6077.6,1,6076.4800000000005,0
2023-05-12 09:43:09,6076.8,540,6076.2,3,6077.6,1,6076.42,0
2023-05-12 09:43:09,6076.8,540,6076.4,1,6077.6,1,6076.359999999999,0
2023-05-12 09:43:10,6077.4,542,6076.2,1,6077.6,1,6076.24,0
2023-05-12 09:43:10,6076.4,543,6076.2,1,6077.4,1,6076.219999999999,0
2023-05-12 09:43:11,6076.4,543,6076.2,1,6077.6,1,6076.2,0
2023-05-12 09:43:11,6076.2,544,6075.6,1,6077.4,6,6076.2,0
2023-05-12 09:43:12,6076.2,544,6074.2,1,6077.0,1,6076.199999999999,0
2023-05-12 09:43:12,6076.2,544,6074.4,4,6076.6,1,6076.2,0
2023-05-12 09:43:13,6076.2,544,6074.4,4,6076.4,1,6076.2,0
2023-05-12 09:43:13,6076.2,544,6074.8,1,6077.2,2,6076.2,0
2023-05-12 09:43:14,6076.2,544,6075.2,1,6077.0,1,6076.2,0
2023-05-12 09:43:14,6076.2,544,6075.6,1,6077.2,1,6076.2,0
2023-05-12 09:43:15,6076.2,544,6075.6,1,6077.4,1,6076.2,0
2023-05-12 09:43:15,6076.2,544,6074.4,4,6077.0,2,6076.04,0
2023-05-12 09:43:16,6076.2,544,6074.4,4,6076.8,2,6075.879999999999,0
2023-05-12 09:43:16,6076.2,544,6074.4,4,6076.4,1,6075.719999999999,0
2023-05-12 09:43:17,6076.2,544,6074.4,4,6075.8,1,6075.56,0
2023-05-12 09:43:17,6076.2,544,6074.4,4,6075.8,1,6075.4,0
2023-05-12 09:43:18,6076.2,544,6074.6,1,6076.2,1,6075.24,0
2023-05-12 09:43:18,6076.2,544,6074.6,2,6076.0,1,6075.08,0
2023-05-12 09:43:19,6076.2,544,6074.6,2,6075.8,5,6074.92,0
2023-05-12 09:43:19,6076.2,544,6074.6,2,6075.4,1,6074.76,0
2023-05-12 09:43:20,6076.2,544,6074.6,2,6075.2,1,6074.6,0
2023-05-12 09:43:20,6074.6,545,6074.6,1,6075.2,1,6074.6,0
2023-05-12 09:43:21,6074.6,546,6074.0,1,6075.8,4,6074.6,0
2023-05-12 09:43:21,6074.6,546,6074.0,1,6075.6,1,6074.6,0
2023-05-12 09:43:22,6074.6,546,6074.0,1,6075.6,1,6074.6,0
2023-05-12 09:43:22,6074.6,546,6074.4,1,6076.6,1,6074.6,0
2023-05-12 09:43:23,6074.6,546,6075.0,1,6076.4,1,6074.6,0
2023-05-12 09:43:23,6074.6,546,6075.0,1,6076.6,1,6074.6,0
2023-05-12 09:43:24,6074.6,548,6074.6,3,6076.8,1,6074.6,0
2023-05-12 09:43:24,6074.6,548,6074.8,2,6076.6,1,6074.6,0
2023-05-12 09:43:25,6074.6,548,6074.8,2,6076.6,1,6074.6,0
2023-05-12 09:43:26,6074.6,548,6075.0,1,6077.6,1,6074.6,0
2023-05-12 09:43:27,6074.6,548,6075.2,2,6077.4,2,6074.6,0
2023-05-12 09:43:28,6074.6,548,6075.2,2,6077.4,2,6074.6,0
2023-05-12 09:43:28,6074.6,548,6075.2,3,6077.0,1,6074.6,0
2023-05-12 09:43:30,6074.6,548,6075.2,3,6077.4,2,6074.6,0
2023-05-12 09:43:30,6074.6,548,6075.2,3,6077.2,1,6074.6,0
2023-05-12 09:43:31,6074.6,548,6075.2,3,6077.0,1,6074.6,0
2023-05-12 09:43:33,6074.6,548,6075.2,3,6077.0,1,6074.6,0
2023-05-12 09:43:34,6074.6,548,6075.2,2,6077.0,1,6074.900000000001,1
2023-05-12 09:43:34,6074.6,548,6075.2,2,6076.8,1,6075.2,1
2023-05-12 09:43:35,6074.6,548,6075.2,2,6077.0,1,6075.5,1
2023-05-12 09:43:36,6074.6,548,6075.2,2,6076.8,1,6075.800000000001,1
2023-05-12 09:43:39,6074.6,548,6075.6,1,6077.6,1,6076.1,1
2023-05-12 09:43:39,6074.6,548,6076.0,1,6077.6,1,6076.4,1
2023-05-12 09:43:40,6074.6,548,6076.4,1,6077.6,1,6076.7,1
2023-05-12 09:43:40,6074.6,548,6076.6,1,6077.6,1,6077.000000000001,1
2023-05-12 09:43:41,6074.6,548,6076.2,4,6077.6,1,6077.300000000001,1
2023-05-12 09:43:41,6074.6,548,6076.4,2,6077.6,1,6077.6,1
2023-05-12 09:43:42,6077.6,549,6076.4,2,6077.8,1,6077.6,0
2023-05-12 09:43:43,6077.6,549,6076.6,3,6079.6,1,6077.54,0
2023-05-12 09:43:43,6077.6,549,6076.8,2,6078.6,1,6077.4800000000005,0
2023-05-12 09:43:44,6077.6,549,6076.8,3,6078.6,1,6077.42,0
2023-05-12 09:43:44,6077.6,549,6076.8,3,6078.6,1,6077.36,0
2023-05-12 09:43:45,6077.6,549,6076.8,3,6078.6,1,6077.3,0
2023-05-12 09:43:45,6077.6,549,6077.0,3,6078.4,1,6077.24,0
2023-05-12 09:43:46,6077.6,549,6077.0,3,6078.6,1,6077.179999999999,0
2023-05-12 09:43:46,6077.6,549,6077.2,1,6078.6,1,6077.12,0
2023-05-12 09:43:47,6077.6,549,6077.2,1,6078.4,1,6077.06,0
2023-05-12 09:43:48,6077.6,550,6077.0,3,6078.2,5,6077.0,0
2023-05-12 09:43:48,6077.0,551,6077.0,2,6078.2,4,6077.0,0
2023-05-12 09:43:49,6077.0,551,6077.2,3,6078.2,4,6077.0,0
2023-05-12 09:43:50,6077.0,551,6077.4,2,6078.2,4,6077.0,0
2023-05-12 09:43:50,6077.0,551,6077.4,2,6078.2,4,6077.0,0
2023-05-12 09:43:51,6077.0,551,6077.6,3,6079.4,1,6077.0,0
2023-05-12 09:43:51,6077.0,551,6077.6,3,6079.4,1,6077.0,0
2023-05-12 09:43:52,6077.0,551,6077.8,1,6079.6,1,6077.0,0
2023-05-12 09:43:52,6077.0,551,6077.8,1,6079.4,1,6077.06,1
2023-05-12 09:43:55,6077.0,551,6077.8,1,6079.4,1,6077.120000000001,1
2023-05-12 09:43:56,6077.0,551,6077.4,1,6079.4,1,6077.18,1
2023-05-12 09:43:56,6077.0,551,6077.6,5,6079.4,1,6077.22,1
2023-05-12 09:43:57,6077.0,551,6077.6,5,6079.2,1,6077.26,1
2023-05-12 09:43:57,6077.0,551,6077.6,3,6078.8,1,6077.3,1
2023-05-12 09:43:58,6077.0,551,6077.6,3,6079.4,1,6077.34,1
2023-05-12 09:43:58,6077.0,551,6077.6,3,6079.0,1,6077.42,1
2023-05-12 09:43:59,6077.0,551,6077.6,3,6078.8,5,6077.5,1
2023-05-12 09:43:59,6077.0,551,6077.6,3,6078.6,1,6077.58,1
2023-05-12 09:44:00,6077.6,553,6077.6,1,6078.4,1,6077.6,0
2023-05-12 09:44:00,6077.6,555,6077.4,1,6078.0,1,6077.78,1
2023-05-12 09:44:01,6077.6,555,6077.6,1,6077.8,1,6077.96,1
2023-05-12 09:44:01,6077.4,557,6076.8,1,6077.6,1,6078.16,1
2023-05-12 09:44:02,6077.4,557,6076.8,1,6077.4,1,6078.36,1
2023-05-12 09:44:02,6077.4,557,6076.8,1,6077.4,1,6078.58,1
2023-05-12 09:44:03,6077.4,558,6077.6,2,6077.8,1,6078.84,1
2023-05-12 09:44:03,6077.8,559,6077.8,1,6078.6,1,6079.06,1
2023-05-12 09:44:04,6077.8,559,6078.0,1,6078.8,1,6079.280000000001,1
2023-05-12 09:44:04,6077.8,559,6078.0,1,6079.6,1,6079.5,1
2023-05-12 09:44:05,6077.8,559,6077.8,1,6079.4,3,6079.539999999999,1
2023-05-12 09:44:05,6079.4,560,6077.8,1,6079.4,2,6079.42,1
2023-05-12 09:44:06,6079.4,560,6078.0,3,6079.6,1,6079.3,0
2023-05-12 09:44:07,6079.4,560,6078.0,4,6079.6,1,6079.179999999999,0
2023-05-12 09:44:07,6079.4,560,6078.2,1,6079.6,1,6079.039999999999,0
2023-05-12 09:44:08,6079.6,561,6078.6,1,6080.0,2,6078.879999999999,0
2023-05-12 09:44:08,6080.0,562,6078.8,1,6080.0,1,6078.679999999999,0
2023-05-12 09:44:09,6080.0,563,6078.8,1,6083.0,1,6078.48,0
2023-05-12 09:44:09,6080.0,563,6079.0,1,6082.2,2,6078.28,0
2023-05-12 09:44:10,6080.0,563,6079.2,1,6081.4,1,6078.08,0
2023-05-12 09:44:10,6078.2,564,6078.0,1,6081.0,2,6078.02,0
2023-05-12 09:44:11,6078.2,564,6078.0,1,6080.6,1,6078.0,0
2023-05-12 09:44:11,6078.2,564,6078.0,1,6080.2,2,6077.9800000000005,0
2023-05-12 09:44:12,6078.2,564,6078.0,1,6079.8,1,6077.960000000001,0
2023-05-12 09:44:12,6078.0,565,6077.6,1,6079.2,1,6077.960000000001,0
2023-05-12 09:44:13,6078.0,565,6077.6,1,6078.8,1,6077.960000000001,0
2023-05-12 09:44:13,6078.0,565,6077.6,1,6078.6,1,6077.960000000001,0
2023-05-12 09:44:14,6078.0,565,6077.6,1,6078.2,1,6078.06,1
2023-05-12 09:44:14,6078.0,565,6077.6,2,6078.2,1,6078.160000000001,1
2023-05-12 09:44:15,6078.0,565,6077.6,2,6078.0,4,6078.26,1
2023-05-12 09:44:15,6077.6,566,6077.6,1,6078.0,4,6078.4,1
2023-05-12 09:44:17,6078.0,567,6077.6,1,6078.0,3,6078.5,1
2023-05-12 09:44:17,6078.0,569,6077.6,1,6078.0,1,6078.6,1
2023-05-12 09:44:18,6078.0,570,6077.8,2,6079.0,2,6078.7,1
2023-05-12 09:44:18,6078.0,570,6078.0,1,6079.0,1,6078.8,1
2023-05-12 09:44:19,6078.0,570,6078.0,3,6079.0,1,6079.12,1
2023-05-12 09:44:20,6078.0,570,6078.0,3,6079.0,1,6079.44,1
2023-05-12 09:44:21,6079.0,571,6078.4,1,6080.0,1,6079.8,1
2023-05-12 09:44:21,6079.0,571,6078.8,1,6081.4,1,6080.16,1
2023-05-12 09:44:22,6079.0,571,6079.0,1,6081.0,1,6080.52,1
2023-05-12 09:44:23,6079.0,571,6079.2,2,6081.2,2,6080.719999999999,1
2023-05-12 09:44:24,6079.0,571,6079.2,2,6081.2,1,6080.92,1
2023-05-12 09:44:24,6079.0,571,6079.4,1,6081.2,1,6081.12,1
2023-05-12 09:44:25,6079.0,571,6079.8,1,6081.2,1,6081.32,1
2023-05-12 09:44:26,6079.0,571,6079.8,1,6081.2,1,6081.52,1
2023-05-12 09:44:27,6081.2,572,6080.0,1,6081.8,1,6081.5,1
2023-05-12 09:44:27,6081.2,572,6080.4,1,6083.0,1,6081.4800000000005,1
2023-05-12 09:44:28,6082.6,573,6080.6,1,6082.8,6,6081.32,0
2023-05-12 09:44:28,6082.6,573,6080.8,1,6082.8,6,6081.16,0
2023-05-12 09:44:29,6082.6,573,6080.0,1,6080.8,1,6081.0,0
2023-05-12 09:44:30,6081.0,574,6080.0,1,6082.8,4,6081.0,0
2023-05-12 09:44:30,6081.0,574,6080.4,1,6082.8,4,6080.9,0
2023-05-12 09:44:31,6081.0,574,6080.8,1,6082.8,2,6080.8,0
2023-05-12 09:44:31,6081.0,574,6081.4,1,6082.8,2,6080.7,0
2023-05-12 09:44:32,6081.0,574,6080.8,1,6082.6,1,6080.6,0
2023-05-12 09:44:32,6081.0,574,6081.0,1,6082.2,1,6080.5,0
2023-05-12 09:44:33,6081.0,575,6080.0,1,6082.0,2,6080.4400000000005,0
2023-05-12 09:44:33,6081.0,575,6080.2,2,6082.0,1,6080.38,0
2023-05-12 09:44:34,6081.0,575,6080.4,1,6082.0,1,6080.32,0
2023-05-12 09:44:34,6081.0,575,6080.8,1,6082.0,1,6080.26,0
2023-05-12 09:44:35,6081.0,575,6080.8,1,6082.0,1,6080.2,0
2023-05-12 09:44:36,6080.0,576,6079.8,1,6082.4,1,6080.24,1
2023-05-12 09:44:36,6080.0,576,6080.2,1,6082.2,1,6080.28,1
2023-05-12 09:44:37,6080.0,576,6080.4,1,6082.2,1,6080.32,1
2023-05-12 09:44:38,6080.0,576,6080.8,1,6082.2,1,6080.66,1
2023-05-12 09:44:38,6080.0,576,6081.0,1,6082.4,1,6081.0,1
2023-05-12 09:44:39,6080.4,578,6080.4,1,6082.4,1,6081.299999999999,1
2023-05-12 09:44:39,6080.4,578,6080.6,1,6082.2,1,6081.639999999999,1
2023-05-12 09:44:40,6080.4,578,6080.6,1,6082.2,1,6081.8,1
2023-05-12 09:44:41,6080.4,578,6081.0,1,6082.0,1,6081.96,1
2023-05-12 09:44:41,6080.4,578,6081.2,1,6082.8,1,6082.12,1
2023-05-12 09:44:42,6080.4,578,6081.6,1,6084.6,1,6082.46,1
2023-05-12 09:44:42,6080.4,578,6081.2,1,6083.4,1,6082.8,1
2023-05-12 09:44:43,6080.4,578,6081.6,1,6083.4,1,6083.14,1
2023-05-12 09:44:43,6083.4,579,6081.2,1,6084.0,1,6083.02,0
2023-05-12 09:44:44,6083.4,579,6081.6,1,6083.6,1,6082.9,0
2023-05-12 09:44:44,6083.4,579,6082.0,1,6083.8,1,6082.780000000001,0
2023-05-12 09:44:45,6083.8,580,6082.0,1,6084.0,1,6082.62,0
2023-05-12 09:44:45,6082.0,582,6081.6,1,6084.0,1,6082.64,1
2023-05-12 09:44:46,6082.0,582,6081.8,2,6083.8,1,6082.66,1
2023-05-12 09:44:46,6082.0,582,6082.0,1,6083.8,1,6082.68,1
2023-05-12 09:44:47,6083.8,583,6082.0,1,6084.0,1,6082.46,0
2023-05-12 09:44:47,6083.8,583,6082.0,1,6083.8,1,6082.24,0
2023-05-12 09:44:48,6083.8,583,6082.0,1,6083.6,1,6082.02,0
2023-05-12 09:44:48,6082.2,584,6082.0,1,6084.0,1,6081.960000000001,0
2023-05-12 09:44:49,6082.2,584,6082.0,1,6083.6,1,6081.9,0
2023-05-12 09:44:49,6082.2,584,6082.2,1,6084.0,1,6081.84,0
2023-05-12 09:44:50,6082.2,584,6082.0,1,6083.6,1,6081.780000000001,0
2023-05-12 09:44:51,6082.2,584,6081.8,1,6083.6,1,6081.719999999999,0
2023-05-12 09:44:51,6082.2,584,6081.6,1,6083.6,1,6081.68,0
2023-05-12 09:44:52,6082.2,584,6081.6,1,6083.6,1,6081.640000000001,0
2023-05-12 09:44:55,6081.6,585,6081.4,1,6081.6,1,6081.66,1
2023-05-12 09:44:55,6081.6,586,6081.6,4,6084.0,1,6081.64,1
2023-05-12 09:44:56,6081.6,586,6082.0,1,6083.6,1,6081.5,0
2023-05-12 09:44:56,6081.6,586,6082.0,1,6083.2,1,6081.36,0
2023-05-12 09:44:57,6081.6,587,6081.8,1,6083.2,1,6081.219999999999,0
2023-05-12 09:44:57,6081.6,587,6082.0,1,6083.2,1,6081.08,0
2023-05-12 09:44:58,6081.6,587,6081.8,1,6083.2,1,6081.02,0
2023-05-12 09:44:58,6081.6,587,6081.8,1,6083.0,1,6080.960000000001,0
2023-05-12 09:44:59,6081.8,588,6081.4,1,6082.6,1,6080.88,0
2023-05-12 09:45:00,6081.8,588,6081.4,1,6082.6,1,6080.8,0
2023-05-12 09:45:00,6081.8,588,6081.4,1,6082.2,1,6080.72,0
2023-05-12 09:45:01,6081.4,589,6078.4,1,6080.2,1,6080.68,0
2023-05-12 09:45:01,6080.2,590,6080.2,1,6082.4,1,6080.6,1
2023-05-12 09:45:02,6080.2,591,6079.6,2,6082.0,1,6080.52,1
2023-05-12 09:45:02,6080.2,591,6078.6,2,6081.4,1,6080.4400000000005,1
2023-05-12 09:45:03,6080.2,591,6079.2,1,6081.0,1,6080.36,1
2023-05-12 09:45:03,6081.0,592,6079.4,2,6082.2,1,6080.199999999999,0
2023-05-12 09:45:04,6081.0,592,6079.8,2,6081.8,1,6080.039999999999,0
2023-05-12 09:45:04,6081.0,592,6079.4,2,6081.6,2,6079.879999999999,0
2023-05-12 09:45:05,6081.0,592,6079.4,2,6081.2,1,6079.719999999999,0
2023-05-12 09:45:06,6081.0,592,6079.4,2,6081.2,1,6079.56,0
2023-05-12 09:45:07,6081.0,592,6079.4,2,6081.4,1,6079.4,0
2023-05-12 09:45:07,6079.4,593,6078.8,2,6079.4,1,6079.4,0
2023-05-12 09:45:08,6079.4,594,6079.4,2,6082.2,1,6079.4,0
2023-05-12 09:45:08,6079.4,594,6079.6,2,6081.8,1,6079.46,1
2023-05-12 09:45:09,6079.4,594,6079.8,1,6081.6,1,6079.52,1
2023-05-12 09:45:09,6079.4,594,6079.4,3,6081.2,1,6079.58,1
2023-05-12 09:45:10,6079.4,594,6079.8,1,6081.6,1,6079.62,1
2023-05-12 09:45:10,6079.4,594,6080.4,1,6081.6,1,6079.66,1
2023-05-12 09:45:11,6079.4,594,6080.4,1,6082.0,1,6079.7,1
2023-05-12 09:45:11,6079.4,594,6080.0,1,6081.6,1,6079.74,1
2023-05-12 09:45:12,6079.4,594,6080.0,1,6081.4,1,6079.780000000001,1
2023-05-12 09:45:12,6079.4,594,6080.2,1,6081.4,1,6079.82,1
2023-05-12 09:45:13,6079.4,594,6079.6,2,6080.0,1,6079.86,1
2023-05-12 09:45:13,6080.0,595,6080.0,1,6082.0,1,6080.06,1
2023-05-12 09:45:14,6080.0,595,6079.8,1,6081.6,1,6080.2,1
2023-05-12 09:45:14,6080.0,595,6079.8,1,6081.6,1,6080.339999999999,1
2023-05-12 09:45:15,6079.8,596,6079.6,1,6081.6,1,6080.5,1
2023-05-12 09:45:15,6079.8,596,6079.6,1,6081.4,1,6080.66,1
2023-05-12 09:45:16,6079.8,596,6079.8,1,6081.0,1,6080.72,1
2023-05-12 09:45:16,6079.8,596,6080.4,3,6081.4,1,6080.780000000001,1
2023-05-12 09:45:17,6079.8,596,6079.8,1,6082.0,1,6080.839999999999,1
2023-05-12 09:45:17,6079.8,596,6080.4,1,6082.0,1,6080.9,1
