Time,LastPrice,Volume,Bid1Price,Bid1Volume,Ask1Price,Ask1Volume
2023-05-18 10:05:10,6088.6,1379,6087.6,1,6089.4,1
2023-05-18 10:05:11,6088.6,1379,6087.6,1,6089.2,2
2023-05-18 10:05:11,6088.6,1379,6087.6,1,6089.0,1
2023-05-18 10:05:12,6088.6,1379,6087.0,1,6088.6,1
2023-05-18 10:05:12,6088.6,1379,6086.4,1,6088.4,1
2023-05-18 10:05:13,6088.6,1379,6086.6,2,6088.4,3
2023-05-18 10:05:13,6088.6,1379,6086.8,1,6088.2,1
2023-05-18 10:05:15,6088.6,1379,6087.0,1,6088.4,3
2023-05-18 10:05:15,6088.6,1379,6087.0,1,6088.4,2
2023-05-18 10:05:16,6087.0,1381,6086.8,1,6088.4,1
2023-05-18 10:05:16,6087.0,1381,6087.4,1,6088.4,1
2023-05-18 10:05:17,6088.4,1382,6087.4,1,6089.2,1
2023-05-18 10:05:17,6088.4,1382,6087.6,1,6089.2,3
2023-05-18 10:05:18,6088.4,1382,6087.4,1,6089.0,1
2023-05-18 10:05:18,6088.4,1382,6087.4,1,6089.0,1
2023-05-18 10:05:19,6088.4,1382,6087.6,1,6089.2,2
2023-05-18 10:05:20,6088.4,1382,6087.8,1,6089.2,2
2023-05-18 10:05:20,6089.2,1383,6088.2,2,6089.6,1
2023-05-18 10:05:21,6089.2,1383,6088.6,1,6089.6,1
2023-05-18 10:05:21,6089.6,1384,6088.8,1,6090.8,1
2023-05-18 10:05:22,6089.6,1384,6089.0,1,6090.6,3
2023-05-18 10:05:22,6089.6,1384,6089.0,1,6090.6,3
2023-05-18 10:05:23,6089.6,1384,6089.4,1,6090.8,3
2023-05-18 10:05:24,6089.6,1384,6089.4,1,6090.8,3
2023-05-18 10:05:24,6089.6,1384,6089.0,1,6090.8,3
2023-05-18 10:05:25,6089.6,1384,6089.6,1,6090.6,3
2023-05-18 10:05:25,6089.6,1384,6089.2,1,6089.6,1
2023-05-18 10:05:26,6089.2,1385,6088.4,1,6089.4,1
2023-05-18 10:05:26,6089.2,1385,6087.6,1,6089.4,1
2023-05-18 10:05:27,6089.2,1385,6088.0,1,6089.4,1
2023-05-18 10:05:27,6089.2,1385,6088.2,1,6090.4,2
2023-05-18 10:05:28,6089.2,1385,6088.6,1,6090.2,1
2023-05-18 10:05:28,6089.2,1385,6089.0,1,6090.6,4
2023-05-18 10:05:29,6089.2,1385,6089.2,1,6090.4,1
2023-05-18 10:05:29,6089.2,1385,6088.8,1,6090.6,2
2023-05-18 10:05:30,6089.2,1385,6089.0,1,6090.4,1
2023-05-18 10:05:30,6089.2,1385,6089.0,1,6090.6,2
2023-05-18 10:05:32,6089.2,1385,6090.0,1,6090.6,2
2023-05-18 10:05:33,6089.2,1385,6089.0,1,6090.6,2
2023-05-18 10:05:33,6089.2,1385,6088.0,2,6090.4,1
2023-05-18 10:05:34,6089.2,1385,6088.6,3,6090.4,1
2023-05-18 10:05:34,6089.2,1385,6088.8,1,6090.6,1
2023-05-18 10:05:35,6089.2,1385,6088.8,1,6090.4,1
2023-05-18 10:05:36,6089.2,1385,6088.8,1,6090.6,1
2023-05-18 10:05:37,6089.2,1385,6089.0,1,6090.6,1
2023-05-18 10:05:37,6089.2,1385,6089.0,1,6090.6,1
2023-05-18 10:05:38,6089.2,1385,6089.0,1,6090.4,1
2023-05-18 10:05:39,6089.2,1385,6089.0,1,6090.6,2
2023-05-18 10:05:40,6089.2,1385,6089.0,1,6090.4,1
2023-05-18 10:05:41,6089.2,1385,6089.0,1,6090.4,1
2023-05-18 10:05:42,6090.4,1386,6089.2,1,6090.6,1
2023-05-18 10:05:42,6090.4,1386,6089.4,1,6090.4,1
2023-05-18 10:05:43,6090.4,1386,6089.2,1,6090.4,1
2023-05-18 10:05:43,6090.4,1386,6089.0,1,6090.4,1
2023-05-18 10:05:45,6090.4,1386,6089.2,2,6090.4,1
2023-05-18 10:05:45,6090.4,1386,6088.8,1,6090.4,1
2023-05-18 10:05:46,6090.4,1386,6089.0,1,6090.4,1
2023-05-18 10:05:47,6090.4,1386,6089.0,1,6090.0,1
2023-05-18 10:05:47,6090.4,1386,6089.0,1,6090.0,1
2023-05-18 10:05:48,6090.4,1386,6089.0,1,6090.0,1
2023-05-18 10:05:48,6090.0,1387,6089.6,1,6090.4,1
2023-05-18 10:05:49,6090.0,1387,6089.2,1,6090.4,1
2023-05-18 10:05:49,6090.0,1387,6089.2,1,6090.4,1
2023-05-18 10:05:50,6090.0,1387,6089.4,1,6090.4,1
2023-05-18 10:05:50,6090.0,1387,6089.4,1,6090.4,1
2023-05-18 10:05:51,6090.4,1388,6089.4,1,6090.6,1
2023-05-18 10:05:51,6090.4,1388,6089.6,1,6090.6,1
2023-05-18 10:05:52,6090.4,1388,6089.8,1,6090.6,1
2023-05-18 10:05:52,6090.4,1388,6089.8,4,6090.6,1
2023-05-18 10:05:54,6090.4,1388,6089.8,3,6090.6,1
2023-05-18 10:05:54,6090.6,1389,6090.0,1,6091.4,1
2023-05-18 10:05:55,6090.6,1389,6090.0,1,6091.4,3
2023-05-18 10:05:55,6090.6,1389,6090.6,1,6091.2,1
2023-05-18 10:05:56,6090.6,1389,6090.6,1,6091.0,1
2023-05-18 10:05:57,6090.6,1390,6089.8,3,6091.0,1
2023-05-18 10:05:58,6090.6,1390,6089.8,3,6091.4,3
2023-05-18 10:05:59,6090.6,1390,6091.0,1,6091.2,1
2023-05-18 10:05:59,6091.0,1391,6089.8,3,6091.2,1
2023-05-18 10:06:00,6091.0,1391,6089.8,3,6091.2,1
2023-05-18 10:06:01,6091.0,1391,6090.0,1,6091.2,1
2023-05-18 10:06:01,6091.0,1391,6090.2,1,6091.4,1
2023-05-18 10:06:02,6091.0,1392,6090.6,1,6091.4,1
2023-05-18 10:06:02,6091.4,1393,6091.2,1,6092.4,1
2023-05-18 10:06:03,6091.4,1393,6090.8,5,6092.4,1
2023-05-18 10:06:03,6091.4,1393,6091.0,1,6092.4,1
2023-05-18 10:06:04,6091.4,1393,6091.0,1,6092.4,1
2023-05-18 10:06:04,6091.4,1393,6090.8,4,6092.2,1
2023-05-18 10:06:05,6091.4,1393,6090.8,3,6091.8,1
2023-05-18 10:06:05,6091.8,1394,6091.4,1,6092.4,1
2023-05-18 10:06:06,6092.4,1396,6091.0,1,6092.0,1
2023-05-18 10:06:06,6092.0,1397,6091.4,1,6092.8,1
2023-05-18 10:06:07,6092.0,1397,6091.4,1,6092.6,3
2023-05-18 10:06:07,6092.0,1397,6090.8,3,6092.4,2
2023-05-18 10:06:08,6092.0,1397,6091.0,2,6092.4,1
2023-05-18 10:06:08,6091.0,1398,6090.8,3,6092.0,1
2023-05-18 10:06:09,6091.0,1398,6090.8,3,6091.8,4
2023-05-18 10:06:09,6090.8,1401,6090.4,2,6091.6,1
2023-05-18 10:06:10,6090.8,1401,6089.8,1,6091.4,3
2023-05-18 10:06:10,6090.8,1401,6089.6,1,6091.2,2
2023-05-18 10:06:11,6089.6,1402,6089.2,1,6090.8,1
2023-05-18 10:06:11,6089.0,1404,6087.6,1,6090.4,1
2023-05-18 10:06:12,6089.0,1404,6088.0,1,6089.6,1
2023-05-18 10:06:12,6089.0,1404,6088.2,2,6089.4,1
2023-05-18 10:06:13,6089.0,1404,6088.4,2,6090.2,1
2023-05-18 10:06:13,6089.0,1404,6088.6,1,6090.0,2
2023-05-18 10:06:14,6089.0,1404,6088.2,1,6089.8,2
2023-05-18 10:06:14,6089.0,1404,6088.2,1,6089.6,3
2023-05-18 10:06:15,6089.0,1404,6088.2,1,6089.4,1
2023-05-18 10:06:15,6089.0,1404,6088.8,1,6089.4,1
2023-05-18 10:06:16,6089.0,1404,6087.8,1,6088.8,1
2023-05-18 10:06:16,6089.0,1404,6087.8,1,6088.8,1
2023-05-18 10:06:17,6089.0,1404,6087.6,1,6088.8,1
2023-05-18 10:06:17,6089.0,1404,6087.6,1,6088.8,1
2023-05-18 10:06:18,6089.0,1404,6087.8,1,6088.8,1
2023-05-18 10:06:18,6089.0,1404,6087.8,2,6088.8,1
2023-05-18 10:06:19,6089.0,1404,6087.8,1,6088.8,1
2023-05-18 10:06:19,6089.0,1404,6088.4,1,6088.6,1
2023-05-18 10:06:20,6088.4,1405,6087.6,1,6088.4,2
2023-05-18 10:06:20,6088.4,1405,6087.6,1,6088.4,1
2023-05-18 10:06:21,6088.4,1405,6087.8,1,6088.4,1
2023-05-18 10:06:22,6088.4,1406,6087.8,1,6088.8,1
2023-05-18 10:06:22,6088.4,1406,6088.2,1,6088.6,1
2023-05-18 10:06:23,6088.6,1407,6088.2,1,6089.6,2
2023-05-18 10:06:23,6088.6,1407,6088.2,1,6089.6,1
2023-05-18 10:06:24,6088.6,1407,6088.0,2,6089.4,2
2023-05-18 10:06:24,6088.6,1407,6088.0,1,6089.2,1
2023-05-18 10:06:25,6088.6,1407,6088.0,1,6089.0,1
2023-05-18 10:06:25,6088.6,1407,6086.4,1,6089.0,1
2023-05-18 10:06:26,6088.6,1407,6087.6,2,6088.8,1
2023-05-18 10:06:26,6088.6,1407,6087.6,2,6089.4,1
2023-05-18 10:06:27,6088.6,1407,6087.6,2,6089.4,1
2023-05-18 10:06:28,6088.6,1407,6087.6,2,6089.4,1
2023-05-18 10:06:29,6088.6,1407,6087.8,1,6089.4,1
2023-05-18 10:06:31,6088.6,1407,6087.8,1,6089.4,1
2023-05-18 10:06:32,6088.6,1407,6087.6,1,6089.2,4
2023-05-18 10:06:32,6088.6,1407,6087.4,1,6089.0,1
2023-05-18 10:06:33,6088.6,1407,6087.0,2,6088.0,1
2023-05-18 10:06:33,6088.6,1407,6087.0,2,6088.8,4
2023-05-18 10:06:34,6088.6,1407,6087.0,2,6088.4,1
2023-05-18 10:06:35,6088.6,1407,6087.0,2,6088.2,3
2023-05-18 10:06:35,6086.0,1408,6085.4,8,6088.0,2
2023-05-18 10:06:36,6086.0,1408,6086.0,2,6087.6,1
2023-05-18 10:06:36,6086.0,1408,6086.0,2,6087.8,1
2023-05-18 10:06:37,6086.0,1408,6086.4,1,6087.6,2
2023-05-18 10:06:37,6086.0,1408,6085.4,8,6087.2,1
2023-05-18 10:06:38,6086.0,1408,6085.4,8,6086.8,1
2023-05-18 10:06:38,6086.0,1408,6085.4,8,6086.6,1
2023-05-18 10:06:39,6086.0,1408,6085.6,3,6086.6,1
2023-05-18 10:06:39,6086.0,1408,6085.8,1,6087.0,2
2023-05-18 10:06:40,6086.0,1408,6085.6,2,6087.0,2
2023-05-18 10:06:40,6086.0,1408,6086.0,1,6087.0,2
2023-05-18 10:06:41,6086.0,1408,6085.6,2,6087.0,2
2023-05-18 10:06:41,6086.0,1408,6085.6,2,6086.8,1
2023-05-18 10:06:42,6086.0,1408,6085.6,1,6087.0,2
2023-05-18 10:06:43,6086.0,1408,6085.4,8,6087.0,2
2023-05-18 10:06:43,6086.0,1408,6085.6,1,6087.0,2
2023-05-18 10:06:45,6086.0,1408,6085.4,8,6087.0,2
2023-05-18 10:06:45,6086.0,1408,6085.8,1,6087.0,2
2023-05-18 10:06:46,6086.0,1408,6085.8,1,6087.0,2
2023-05-18 10:06:47,6086.0,1408,6085.8,1,6087.0,2
2023-05-18 10:06:47,6086.0,1408,6085.8,1,6087.0,2
2023-05-18 10:06:48,6085.8,1410,6085.6,1,6087.0,1
2023-05-18 10:06:48,6087.0,1411,6086.0,1,6087.4,1
2023-05-18 10:06:49,6087.0,1411,6086.0,1,6087.6,3
2023-05-18 10:06:49,6087.0,1411,6086.0,1,6087.6,3
2023-05-18 10:06:50,6087.0,1411,6086.0,1,6087.4,1
2023-05-18 10:06:51,6087.0,1411,6085.6,1,6087.4,1
2023-05-18 10:06:52,6087.0,1411,6085.6,1,6087.0,1
2023-05-18 10:06:52,6087.0,1411,6085.4,8,6086.8,1
2023-05-18 10:06:53,6087.0,1411,6085.4,8,6086.8,1
2023-05-18 10:06:54,6087.0,1411,6085.4,8,6086.8,1
2023-05-18 10:06:54,6087.0,1411,6085.4,8,6087.2,1
2023-05-18 10:06:55,6087.0,1411,6085.4,8,6087.6,3
2023-05-18 10:06:55,6087.0,1411,6086.0,1,6086.8,1
2023-05-18 10:06:56,6085.4,1417,6085.4,3,6086.0,1
2023-05-18 10:06:56,6085.0,1421,6085.6,1,6085.8,4
2023-05-18 10:06:57,6085.6,1422,6083.0,2,6085.4,2
2023-05-18 10:06:57,6085.6,1422,6083.8,1,6085.4,1
2023-05-18 10:06:58,6085.6,1422,6083.8,1,6085.6,1
2023-05-18 10:06:58,6085.6,1422,6083.8,1,6085.6,1
2023-05-18 10:06:59,6085.6,1422,6084.0,1,6085.6,1
2023-05-18 10:06:59,6085.6,1422,6084.4,1,6085.8,2
2023-05-18 10:07:00,6085.6,1422,6084.6,2,6085.8,2
2023-05-18 10:07:00,6085.6,1422,6085.0,1,6086.6,1
2023-05-18 10:07:01,6085.6,1422,6085.0,1,6086.4,2
2023-05-18 10:07:01,6085.6,1422,6083.8,1,6085.6,1
2023-05-18 10:07:02,6085.6,1422,6084.2,1,6086.2,1
2023-05-18 10:07:02,6085.6,1422,6084.2,1,6086.2,1
2023-05-18 10:07:03,6085.6,1422,6084.4,2,6086.4,1
2023-05-18 10:07:03,6085.6,1422,6084.6,1,6086.4,1
2023-05-18 10:07:04,6085.6,1422,6084.4,1,6086.4,1
2023-05-18 10:07:04,6085.6,1422,6084.4,1,6086.0,1
2023-05-18 10:07:05,6085.6,1422,6084.4,1,6086.0,1
2023-05-18 10:07:05,6085.6,1422,6084.0,1,6085.8,2
2023-05-18 10:07:06,6085.6,1422,6084.0,1,6085.6,3
2023-05-18 10:07:06,6085.6,1422,6084.0,1,6085.4,1
2023-05-18 10:07:07,6085.6,1422,6084.0,1,6085.0,1
2023-05-18 10:07:07,6085.6,1422,6084.0,1,6085.6,2
2023-05-18 10:07:08,6085.6,1422,6084.2,1,6085.6,3
2023-05-18 10:07:09,6085.6,1422,6084.2,1,6085.4,1
2023-05-18 10:07:09,6085.6,1422,6084.0,1,6085.2,1
2023-05-18 10:07:11,6085.6,1422,6083.6,1,6085.2,1
2023-05-18 10:07:11,6085.6,1422,6083.8,1,6085.4,1
2023-05-18 10:07:12,6085.6,1422,6083.8,1,6085.2,1
2023-05-18 10:07:12,6085.6,1422,6084.0,1,6085.2,1
2023-05-18 10:07:13,6085.6,1422,6083.2,1,6085.2,1
2023-05-18 10:07:14,6085.6,1422,6083.0,2,6084.8,1
2023-05-18 10:07:14,6085.6,1422,6083.0,2,6084.4,1
2023-05-18 10:07:15,6085.6,1422,6083.2,1,6084.0,1
2023-05-18 10:07:15,6085.6,1422,6083.2,1,6084.0,1
2023-05-18 10:07:16,6085.6,1422,6083.2,1,6084.2,2
2023-05-18 10:07:18,6083.2,1423,6083.0,2,6084.0,3
2023-05-18 10:07:18,6083.0,1425,6081.0,2,6082.8,1
2023-05-18 10:07:19,6082.8,1426,6082.0,1,6083.6,1
2023-05-18 10:07:19,6082.8,1426,6082.0,1,6083.6,1
2023-05-18 10:07:20,6082.8,1426,6082.2,1,6083.6,1
2023-05-18 10:07:20,6082.8,1426,6082.2,1,6083.6,1
2023-05-18 10:07:22,6082.8,1426,6082.2,1,6083.8,2
2023-05-18 10:07:23,6083.8,1428,6082.4,2,6084.4,1
2023-05-18 10:07:23,6083.8,1428,6082.6,2,6083.6,2
2023-05-18 10:07:24,6083.8,1428,6082.6,1,6083.6,2
2023-05-18 10:07:24,6083.8,1428,6082.8,1,6083.6,2
2023-05-18 10:07:25,6083.6,1429,6083.0,1,6083.6,1
2023-05-18 10:07:25,6083.6,1429,6083.0,1,6085.0,1
2023-05-18 10:07:26,6083.6,1429,6082.4,1,6084.2,1
2023-05-18 10:07:26,6083.6,1429,6082.4,1,6084.0,2
2023-05-18 10:07:27,6083.6,1429,6081.8,2,6084.0,2
2023-05-18 10:07:27,6083.6,1429,6082.2,1,6083.6,1
2023-05-18 10:07:28,6083.6,1429,6082.2,1,6084.0,2
2023-05-18 10:07:28,6083.6,1429,6082.4,2,6084.0,2
2023-05-18 10:07:30,6083.6,1429,6082.4,2,6084.0,2
2023-05-18 10:07:31,6083.6,1429,6082.4,2,6084.0,1
2023-05-18 10:07:32,6083.6,1429,6082.6,1,6084.8,5
2023-05-18 10:07:32,6083.6,1429,6082.4,1,6084.4,1
2023-05-18 10:07:33,6083.6,1429,6082.4,1,6084.2,1
2023-05-18 10:07:33,6083.6,1429,6082.4,1,6084.0,1
2023-05-18 10:07:34,6082.4,1430,6081.8,2,6084.0,1
2023-05-18 10:07:34,6082.4,1430,6082.0,2,6083.6,1
2023-05-18 10:07:35,6082.4,1430,6082.0,2,6084.0,1
2023-05-18 10:07:36,6082.4,1430,6082.0,2,6084.0,1
2023-05-18 10:07:36,6082.4,1430,6082.0,2,6084.0,1
2023-05-18 10:07:37,6082.4,1430,6082.0,2,6083.8,1
2023-05-18 10:07:38,6082.4,1430,6082.0,1,6083.6,1
2023-05-18 10:07:38,6082.4,1430,6082.0,1,6083.8,1
2023-05-18 10:07:39,6082.4,1430,6082.2,2,6084.0,1
2023-05-18 10:07:40,6082.4,1430,6082.2,1,6084.0,1
2023-05-18 10:07:41,6082.4,1430,6082.4,1,6084.0,1
2023-05-18 10:07:42,6082.4,1430,6082.4,1,6083.8,1
2023-05-18 10:07:42,6082.4,1430,6082.0,1,6083.8,1
2023-05-18 10:07:43,6082.4,1430,6082.0,1,6083.8,1
2023-05-18 10:07:43,6082.4,1430,6082.0,1,6083.6,1
2023-05-18 10:07:46,6082.4,1430,6082.0,1,6083.6,1
2023-05-18 10:07:47,6082.4,1430,6082.0,1,6083.8,1
2023-05-18 10:07:48,6082.4,1430,6082.0,1,6083.6,1
2023-05-18 10:07:48,6082.4,1430,6082.0,1,6083.4,2
2023-05-18 10:07:49,6082.4,1430,6082.0,1,6083.4,1
2023-05-18 10:07:49,6082.4,1430,6082.0,1,6083.4,3
2023-05-18 10:07:50,6082.4,1430,6082.0,1,6083.2,3
2023-05-18 10:07:50,6082.4,1430,6081.2,1,6081.8,1
2023-05-18 10:07:51,6081.4,1432,6081.2,1,6083.0,1
2023-05-18 10:07:51,6081.4,1432,6081.4,1,6082.8,6
2023-05-18 10:07:52,6081.4,1432,6081.4,1,6082.6,2
2023-05-18 10:07:53,6081.4,1432,6081.4,1,6082.6,3
2023-05-18 10:07:53,6081.4,1432,6081.4,1,6082.6,2
2023-05-18 10:07:54,6081.4,1432,6081.6,1,6082.6,2
2023-05-18 10:07:55,6081.4,1432,6081.4,1,6082.6,1
2023-05-18 10:08:00,6081.4,1432,6081.4,1,6082.4,1
2023-05-18 10:08:01,6081.4,1433,6081.0,1,6082.4,1
2023-05-18 10:08:01,6081.4,1433,6081.0,1,6082.2,1
2023-05-18 10:08:02,6081.4,1433,6081.0,1,6082.2,1
2023-05-18 10:08:02,6081.4,1433,6081.2,1,6082.6,1
2023-05-18 10:08:05,6081.4,1433,6081.2,1,6082.4,2
2023-05-18 10:08:05,6081.4,1433,6081.0,1,6082.0,5
2023-05-18 10:08:06,6081.4,1433,6081.0,1,6082.0,5
2023-05-18 10:08:06,6081.4,1433,6081.0,1,6082.0,5
2023-05-18 10:08:07,6081.4,1433,6081.0,1,6082.0,5
2023-05-18 10:08:08,6081.4,1433,6081.0,1,6082.0,5
2023-05-18 10:08:09,6081.4,1433,6081.0,1,6081.8,1
2023-05-18 10:08:10,6081.0,1434,6080.8,4,6081.8,1
2023-05-18 10:08:11,6080.8,1437,6080.8,1,6081.8,1
2023-05-18 10:08:11,6081.6,1438,6080.8,1,6081.6,2
2023-05-18 10:08:12,6080.8,1439,6080.0,5,6081.6,2
2023-05-18 10:08:13,6080.8,1439,6080.0,5,6081.6,1
2023-05-18 10:08:13,6080.8,1439,6080.2,1,6081.6,1
2023-05-18 10:08:14,6080.8,1439,6080.2,1,6081.8,1
2023-05-18 10:08:15,6080.8,1439,6080.4,2,6082.0,5
2023-05-18 10:08:15,6080.8,1439,6080.6,1,6082.0,5
2023-05-18 10:08:16,6080.8,1439,6080.6,1,6081.8,1
2023-05-18 10:08:17,6080.8,1439,6080.4,3,6082.0,5
2023-05-18 10:08:19,6082.0,1440,6080.6,3,6082.0,4
2023-05-18 10:08:20,6080.6,1445,6080.6,2,6082.8,3
2023-05-18 10:08:20,6080.6,1445,6081.4,2,6082.8,2
2023-05-18 10:08:21,6080.6,1445,6081.8,1,6082.8,2
2023-05-18 10:08:21,6080.6,1445,6081.6,2,6084.2,1
2023-05-18 10:08:22,6080.6,1445,6081.6,1,6083.0,1
2023-05-18 10:08:22,6080.6,1445,6081.0,1,6082.8,1
2023-05-18 10:08:23,6080.6,1445,6081.0,1,6082.6,1
2023-05-18 10:08:23,6080.6,1445,6081.0,1,6082.6,1
2023-05-18 10:08:24,6080.6,1445,6081.2,1,6082.4,2
2023-05-18 10:08:25,6080.6,1445,6081.4,1,6082.4,2
2023-05-18 10:08:26,6082.4,1447,6081.2,1,6082.4,2
2023-05-18 10:08:26,6082.4,1447,6081.4,2,6082.4,2
2023-05-18 10:08:27,6082.4,1449,6081.4,2,6083.0,1
2023-05-18 10:08:27,6082.4,1449,6081.4,2,6082.8,2
2023-05-18 10:08:28,6082.4,1449,6081.4,1,6082.8,2
2023-05-18 10:08:29,6082.8,1450,6081.4,1,6082.8,1
2023-05-18 10:08:30,6082.8,1450,6081.4,1,6082.8,1
2023-05-18 10:08:31,6082.8,1450,6081.6,1,6082.8,1
2023-05-18 10:08:31,6082.8,1451,6082.0,1,6084.0,1
2023-05-18 10:08:32,6082.8,1451,6082.4,1,6083.6,1
2023-05-18 10:08:32,6082.8,1451,6082.0,1,6084.0,1
2023-05-18 10:08:33,6082.8,1451,6082.4,2,6083.8,1
2023-05-18 10:08:33,6082.8,1451,6082.4,2,6083.6,1
2023-05-18 10:08:34,6082.8,1451,6082.0,1,6083.6,1
2023-05-18 10:08:34,6082.8,1451,6082.0,1,6083.4,1
2023-05-18 10:08:35,6082.8,1451,6080.8,2,6083.4,1
2023-05-18 10:08:35,6082.8,1451,6081.4,2,6083.4,3
2023-05-18 10:08:36,6082.8,1451,6081.6,1,6083.4,3
2023-05-18 10:08:36,6082.8,1451,6082.2,1,6083.4,2
2023-05-18 10:08:37,6083.4,1452,6082.2,1,6083.4,1
2023-05-18 10:08:37,6083.4,1452,6082.4,1,6083.4,1
2023-05-18 10:08:38,6083.4,1452,6082.4,1,6083.4,1
2023-05-18 10:08:38,6083.4,1453,6082.6,1,6085.2,1
2023-05-18 10:08:39,6083.4,1453,6082.8,1,6084.4,1
2023-05-18 10:08:39,6083.4,1453,6083.0,1,6084.4,1
2023-05-18 10:08:40,6083.4,1453,6082.4,1,6084.2,1
2023-05-18 10:08:48,6083.4,1453,6083.4,1,6084.2,1
2023-05-18 10:08:48,6083.4,1453,6082.6,1,6084.2,1
2023-05-18 10:08:49,6083.4,1453,6082.6,1,6084.2,1
2023-05-18 10:08:49,6083.4,1453,6082.6,1,6084.2,1
2023-05-18 10:08:50,6083.4,1453,6082.6,1,6084.0,2
2023-05-18 10:08:50,6083.4,1453,6082.6,1,6084.0,1
2023-05-18 10:08:51,6083.4,1453,6082.6,1,6084.4,1
2023-05-18 10:08:51,6083.4,1453,6082.6,1,6084.2,2
2023-05-18 10:08:52,6083.4,1453,6082.6,1,6084.2,2
2023-05-18 10:08:53,6083.4,1453,6082.6,1,6084.0,1
2023-05-18 10:08:54,6083.4,1453,6082.6,1,6083.6,1
2023-05-18 10:08:54,6082.6,1455,6081.0,1,6083.4,1
2023-05-18 10:08:55,6081.2,1458,6081.2,2,6083.2,2
2023-05-18 10:08:55,6081.2,1458,6081.2,1,6082.6,1
2023-05-18 10:08:56,6081.2,1458,6081.2,1,6082.4,2
2023-05-18 10:08:56,6081.2,1458,6081.2,1,6082.4,1
2023-05-18 10:08:57,6081.2,1458,6081.2,1,6082.4,1
2023-05-18 10:08:58,6081.2,1458,6081.2,1,6082.4,1
2023-05-18 10:08:59,6081.2,1458,6081.2,1,6082.6,1
2023-05-18 10:09:00,6081.2,1459,6081.2,1,6082.4,2
2023-05-18 10:09:00,6081.2,1459,6081.2,1,6082.0,1
2023-05-18 10:09:01,6081.2,1459,6081.2,1,6082.0,1
2023-05-18 10:09:01,6081.2,1459,6081.2,1,6081.8,2
2023-05-18 10:09:02,6081.2,1459,6081.6,1,6081.8,2
2023-05-18 10:09:02,6081.8,1461,6081.2,1,6082.6,1
2023-05-18 10:09:03,6081.8,1461,6081.4,2,6082.8,1
2023-05-18 10:09:03,6081.8,1461,6081.4,2,6082.4,2
2023-05-18 10:09:04,6081.8,1461,6081.4,2,6082.4,2
2023-05-18 10:09:05,6081.8,1461,6081.2,1,6082.4,2
2023-05-18 10:09:06,6081.2,1462,6080.0,5,6082.4,2
2023-05-18 10:09:06,6081.2,1462,6080.6,1,6082.4,2
2023-05-18 10:09:07,6081.2,1462,6080.6,1,6082.4,2
2023-05-18 10:09:07,6081.2,1462,6080.8,1,6082.2,1
2023-05-18 10:09:08,6081.2,1462,6081.0,5,6082.0,1
2023-05-18 10:09:09,6081.2,1462,6081.0,5,6082.2,1
2023-05-18 10:09:09,6081.2,1462,6081.0,5,6082.2,1
2023-05-18 10:09:10,6081.0,1463,6081.0,4,6082.2,1
2023-05-18 10:09:11,6081.0,1463,6081.0,4,6082.4,2
2023-05-18 10:09:11,6081.0,1463,6081.0,4,6082.4,2
2023-05-18 10:09:12,6081.0,1463,6081.2,1,6082.4,2
2023-05-18 10:09:16,6081.0,1463,6081.2,1,6082.4,2
2023-05-18 10:09:17,6082.4,1465,6081.4,2,6083.0,1
2023-05-18 10:09:17,6082.4,1465,6081.6,1,6083.2,2
2023-05-18 10:09:18,6082.4,1465,6081.8,3,6083.2,2
2023-05-18 10:09:19,6082.4,1465,6081.8,3,6083.2,2
2023-05-18 10:09:20,6082.4,1465,6081.8,1,6083.2,2
2023-05-18 10:09:20,6082.4,1465,6081.8,1,6083.2,2
2023-05-18 10:09:21,6082.4,1465,6081.8,1,6083.0,1
2023-05-18 10:09:22,6082.4,1465,6081.8,1,6082.8,1
2023-05-18 10:09:22,6082.4,1465,6081.8,1,6083.0,1
2023-05-18 10:09:23,6082.4,1465,6081.8,1,6082.8,1
2023-05-18 10:09:23,6082.4,1465,6081.8,1,6083.0,1
2023-05-18 10:09:24,6082.4,1465,6081.8,1,6083.0,1
2023-05-18 10:09:25,6082.4,1465,6081.8,1,6083.2,2
2023-05-18 10:09:27,6082.4,1465,6081.8,1,6083.2,2
2023-05-18 10:09:28,6082.4,1465,6081.8,1,6083.2,2
2023-05-18 10:09:35,6082.4,1465,6081.8,1,6083.2,2
2023-05-18 10:09:36,6082.4,1465,6082.0,1,6083.2,2
2023-05-18 10:09:36,6083.4,1468,6082.0,1,6084.0,1
2023-05-18 10:09:37,6083.4,1468,6082.2,1,6083.8,1
2023-05-18 10:09:37,6083.4,1468,6082.6,2,6084.0,3
2023-05-18 10:09:38,6083.4,1468,6082.8,2,6084.0,3
2023-05-18 10:09:38,6084.0,1469,6083.0,1,6084.0,2
2023-05-18 10:09:39,6084.2,1472,6083.4,1,6086.2,1
2023-05-18 10:09:39,6084.2,1472,6083.8,1,6086.0,4
2023-05-18 10:09:40,6084.2,1472,6083.0,3,6085.6,2
2023-05-18 10:09:40,6084.2,1472,6083.6,1,6085.4,1
2023-05-18 10:09:41,6084.2,1472,6083.0,1,6085.0,1
2023-05-18 10:09:41,6084.2,1472,6083.0,1,6084.8,1
2023-05-18 10:09:42,6084.2,1472,6083.0,1,6084.4,1
2023-05-18 10:09:42,6084.2,1472,6083.0,1,6084.4,1
2023-05-18 10:09:43,6084.2,1472,6081.2,2,6084.4,1
2023-05-18 10:09:44,6084.2,1472,6081.8,3,6084.6,1
2023-05-18 10:09:44,6084.2,1472,6082.6,1,6085.0,2
2023-05-18 10:09:45,6084.2,1472,6082.8,1,6084.8,2
2023-05-18 10:09:45,6084.2,1472,6083.2,1,6084.8,2
2023-05-18 10:09:46,6084.2,1472,6083.2,1,6084.8,2
2023-05-18 10:09:46,6084.2,1472,6083.2,1,6084.8,1
2023-05-18 10:09:48,6084.2,1472,6083.2,1,6084.8,1
2023-05-18 10:09:48,6084.2,1472,6083.2,1,6085.0,2
2023-05-18 10:09:49,6084.2,1472,6083.4,1,6085.0,2
2023-05-18 10:09:49,6084.2,1472,6083.6,1,6085.0,2
2023-05-18 10:09:50,6084.2,1472,6083.4,1,6085.0,2
2023-05-18 10:09:52,6083.4,1473,6083.2,1,6084.8,1
2023-05-18 10:09:52,6083.4,1473,6083.4,2,6084.8,1
2023-05-18 10:09:53,6083.4,1473,6083.8,1,6084.8,1
2023-05-18 10:09:53,6083.4,1473,6083.8,1,6085.0,2
2023-05-18 10:09:56,6083.4,1473,6083.8,1,6084.6,1
2023-05-18 10:09:56,6083.4,1473,6083.8,1,6084.6,1
2023-05-18 10:09:57,6083.4,1473,6083.8,1,6084.6,1
2023-05-18 10:09:57,6083.4,1473,6083.4,1,6084.6,1
2023-05-18 10:09:59,6083.4,1473,6083.4,1,6085.0,2
2023-05-18 10:09:59,6083.4,1473,6083.4,1,6084.8,1
2023-05-18 10:10:00,6083.4,1474,6082.8,1,6084.8,1
2023-05-18 10:10:01,6083.4,1474,6083.0,4,6084.8,1
2023-05-18 10:10:01,6083.4,1474,6083.2,1,6085.0,2
2023-05-18 10:10:02,6083.4,1474,6083.4,1,6085.0,2
2023-05-18 10:10:03,6083.4,1474,6083.6,1,6085.0,2
2023-05-18 10:10:05,6083.4,1474,6083.0,1,6084.8,2
2023-05-18 10:10:05,6083.0,1475,6082.0,1,6084.6,2
2023-05-18 10:10:06,6083.0,1475,6081.2,1,6083.2,1
2023-05-18 10:10:06,6083.0,1475,6081.4,4,6083.0,1
2023-05-18 10:10:07,6083.0,1475,6081.4,4,6083.0,2
2023-05-18 10:10:07,6083.0,1475,6081.4,4,6083.0,2
2023-05-18 10:10:08,6083.0,1475,6081.4,4,6083.0,2
2023-05-18 10:10:09,6083.0,1475,6081.8,1,6083.0,2
2023-05-18 10:10:09,6083.0,1475,6081.4,4,6083.0,2
2023-05-18 10:10:10,6083.0,1475,6081.8,1,6083.0,2
2023-05-18 10:10:10,6083.0,1475,6081.8,1,6084.0,1
2023-05-18 10:10:11,6083.0,1475,6081.8,1,6083.8,2
2023-05-18 10:10:11,6083.0,1475,6081.8,1,6083.8,2
2023-05-18 10:10:12,6083.0,1475,6081.8,1,6083.6,1
2023-05-18 10:10:13,6083.6,1476,6081.8,1,6083.8,1
2023-05-18 10:10:14,6084.0,1477,6082.2,2,6084.0,1
2023-05-18 10:10:14,6084.0,1477,6082.2,2,6084.0,1
2023-05-18 10:10:15,6084.0,1478,6083.4,1,6086.0,1
2023-05-18 10:10:15,6084.0,1478,6084.2,1,6085.8,3
2023-05-18 10:10:16,6084.0,1478,6084.6,2,6085.8,3
2023-05-18 10:10:16,6084.0,1478,6084.6,2,6085.8,2
2023-05-18 10:10:17,6085.8,1480,6085.2,1,6088.2,1
2023-05-18 10:10:18,6088.0,1481,6085.6,2,6088.0,3
2023-05-18 10:10:18,6088.0,1481,6086.4,1,6088.0,3
2023-05-18 10:10:19,6088.0,1481,6086.6,2,6088.0,3
2023-05-18 10:10:19,6088.0,1481,6086.4,1,6088.0,3
2023-05-18 10:10:20,6088.0,1481,6085.8,1,6087.8,1
2023-05-18 10:10:20,6088.0,1481,6086.0,3,6087.6,1
2023-05-18 10:10:21,6088.0,1481,6086.0,3,6087.8,1
2023-05-18 10:10:21,6088.0,1481,6086.0,3,6087.8,1
2023-05-18 10:10:22,6088.0,1481,6086.2,1,6087.8,1
2023-05-18 10:10:22,6088.0,1481,6086.2,1,6087.6,1
2023-05-18 10:10:23,6088.0,1481,6084.4,1,6087.6,1
2023-05-18 10:10:24,6088.0,1481,6085.4,2,6087.2,1
2023-05-18 10:10:24,6088.0,1481,6085.4,2,6087.4,1
2023-05-18 10:10:25,6088.0,1481,6085.6,1,6087.6,1
2023-05-18 10:10:25,6088.0,1481,6085.6,1,6087.6,1
2023-05-18 10:10:26,6088.0,1481,6085.4,1,6087.4,1
2023-05-18 10:10:26,6088.0,1481,6085.6,2,6087.6,1
2023-05-18 10:10:27,6088.0,1481,6085.8,1,6087.6,1
2023-05-18 10:10:28,6088.0,1481,6086.0,1,6087.6,1
2023-05-18 10:10:29,6088.0,1481,6086.0,1,6088.0,3
2023-05-18 10:10:30,6088.0,1481,6086.2,2,6088.0,3
2023-05-18 10:10:31,6088.0,1481,6086.2,2,6088.0,3
2023-05-18 10:10:31,6088.0,1481,6086.2,2,6087.8,1
2023-05-18 10:10:32,6088.0,1481,6086.2,1,6087.8,1
2023-05-18 10:10:32,6088.0,1481,6086.0,1,6087.8,1
2023-05-18 10:10:33,6088.0,1481,6085.8,1,6087.6,1
2023-05-18 10:10:34,6088.0,1481,6085.4,1,6087.6,1
2023-05-18 10:10:35,6088.0,1481,6085.6,2,6087.6,1
2023-05-18 10:10:35,6088.0,1481,6085.6,2,6087.8,1
2023-05-18 10:10:36,6088.0,1481,6085.8,1,6088.0,1
2023-05-18 10:10:36,6088.0,1481,6086.2,1,6088.0,1
2023-05-18 10:10:37,6088.0,1481,6086.4,1,6088.8,1
2023-05-18 10:10:37,6088.0,1481,6086.6,1,6088.6,3
2023-05-18 10:10:38,6086.6,1482,6086.6,1,6088.6,3
2023-05-18 10:10:38,6086.6,1482,6086.6,1,6088.6,2
2023-05-18 10:10:39,6086.6,1482,6087.0,2,6088.6,1
2023-05-18 10:10:39,6086.6,1482,6087.8,1,6088.8,1
2023-05-18 10:10:40,6086.6,1482,6087.0,2,6088.8,1
2023-05-18 10:10:40,6086.6,1482,6088.0,1,6088.8,1
2023-05-18 10:10:41,6086.6,1482,6087.6,1,6088.8,1
2023-05-18 10:10:41,6086.6,1482,6087.8,1,6088.8,1
2023-05-18 10:10:42,6086.6,1482,6087.6,1,6088.8,1
2023-05-18 10:10:43,6086.6,1482,6087.0,1,6088.8,1
2023-05-18 10:10:43,6086.6,1482,6087.4,1,6088.2,1
2023-05-18 10:10:44,6088.2,1483,6087.4,1,6088.8,1
2023-05-18 10:10:45,6088.2,1483,6087.6,2,6088.8,1
2023-05-18 10:10:48,6088.8,1484,6087.6,2,6090.6,1
2023-05-18 10:10:48,6088.8,1484,6087.6,2,6088.8,1
2023-05-18 10:10:49,6088.8,1484,6087.6,2,6088.8,1
2023-05-18 10:10:49,6088.8,1484,6087.8,1,6088.8,1
2023-05-18 10:10:54,6088.8,1484,6087.8,1,6088.8,2
2023-05-18 10:11:01,6088.8,1486,6088.2,1,6090.2,1
2023-05-18 10:11:02,6088.8,1486,6088.4,1,6090.0,1
2023-05-18 10:11:02,6088.8,1486,6088.0,1,6090.0,1
2023-05-18 10:11:03,6088.8,1486,6088.4,1,6090.0,1
2023-05-18 10:11:04,6088.8,1486,6088.4,1,6089.8,1
2023-05-18 10:11:04,6088.8,1486,6088.4,1,6089.6,1
2023-05-18 10:11:06,6088.4,1487,6087.8,1,6089.4,1
2023-05-18 10:11:07,6088.0,1488,6087.8,1,6089.0,1
2023-05-18 10:11:07,6087.8,1489,6088.0,1,6088.4,1
2023-05-18 10:11:08,6087.6,1491,6086.8,2,6088.4,1
2023-05-18 10:11:08,6087.6,1491,6087.0,1,6088.0,1
2023-05-18 10:11:09,6087.6,1491,6086.0,1,6088.0,1
2023-05-18 10:11:09,6087.6,1491,6086.6,1,6087.8,1
2023-05-18 10:11:10,6087.6,1491,6086.4,1,6087.8,1
2023-05-18 10:11:10,6087.6,1491,6086.4,1,6087.6,1
2023-05-18 10:11:13,6086.4,1492,6084.4,1,6087.6,1
2023-05-18 10:11:14,6086.4,1492,6085.6,4,6087.4,1
2023-05-18 10:11:14,6086.4,1492,6085.8,2,6087.6,1
2023-05-18 10:11:15,6086.4,1492,6086.2,1,6087.6,1
2023-05-18 10:11:15,6086.4,1492,6086.2,1,6087.6,1
2023-05-18 10:11:17,6086.4,1492,6086.2,1,6087.6,1
2023-05-18 10:11:18,6086.4,1492,6086.2,1,6087.6,1
2023-05-18 10:11:18,6087.6,1493,6086.2,1,6088.2,1
2023-05-18 10:11:19,6087.6,1493,6086.2,1,6088.0,1
2023-05-18 10:11:20,6087.6,1493,6086.2,1,6088.2,1
2023-05-18 10:11:21,6087.6,1493,6086.8,1,6088.2,1
2023-05-18 10:11:22,6087.6,1493,6086.8,1,6088.2,1
2023-05-18 10:11:23,6088.2,1494,6086.8,1,6088.4,1
2023-05-18 10:11:24,6087.6,1495,6086.8,1,6088.8,2
2023-05-18 10:11:24,6087.6,1495,6087.2,1,6088.6,1
2023-05-18 10:11:25,6087.6,1495,6086.8,1,6088.6,1
2023-05-18 10:11:25,6087.6,1495,6086.8,1,6088.4,3
2023-05-18 10:11:26,6086.8,1496,6086.0,1,6088.2,2
2023-05-18 10:11:26,6086.8,1496,6085.8,1,6088.0,1
2023-05-18 10:11:27,6086.8,1496,6086.6,1,6087.6,1
2023-05-18 10:11:28,6086.8,1496,6086.6,1,6087.8,1
2023-05-18 10:11:28,6086.6,1497,6085.6,4,6087.8,1
2023-05-18 10:11:29,6086.6,1497,6086.0,1,6087.6,1
2023-05-18 10:11:29,6086.6,1497,6085.8,1,6087.6,1
2023-05-18 10:11:30,6086.6,1497,6085.8,1,6087.6,1
2023-05-18 10:11:30,6086.6,1497,6085.8,2,6087.6,1
2023-05-18 10:11:32,6086.6,1497,6085.8,1,6087.6,1
2023-05-18 10:11:33,6086.6,1497,6085.8,1,6087.6,1
2023-05-18 10:11:33,6086.6,1497,6085.8,1,6087.4,1
2023-05-18 10:11:34,6086.6,1497,6085.8,1,6087.2,1
2023-05-18 10:11:35,6086.6,1497,6085.6,2,6087.2,1
2023-05-18 10:11:36,6086.6,1497,6085.8,1,6087.2,1
2023-05-18 10:11:36,6086.6,1497,6085.6,2,6087.4,1
2023-05-18 10:11:37,6086.6,1497,6085.8,1,6087.2,1
2023-05-18 10:11:37,6086.6,1497,6085.4,3,6087.2,1
2023-05-18 10:11:38,6086.6,1497,6085.6,1,6087.2,1
2023-05-18 10:11:40,6086.6,1497,6086.0,1,6087.2,1
2023-05-18 10:11:40,6086.0,1498,6085.8,2,6087.4,1
2023-05-18 10:11:41,6086.0,1498,6085.0,1,6087.2,3
2023-05-18 10:11:41,6086.0,1498,6085.2,1,6087.2,4
2023-05-18 10:11:42,6086.0,1498,6085.0,1,6086.6,1
2023-05-18 10:11:42,6086.0,1498,6085.0,1,6086.2,1
2023-05-18 10:11:43,6086.0,1498,6085.0,1,6085.6,1
2023-05-18 10:11:43,6086.0,1498,6085.0,1,6086.2,1
2023-05-18 10:11:44,6086.0,1498,6085.0,1,6085.8,1
2023-05-18 10:11:44,6086.0,1498,6082.8,1,6085.8,1
2023-05-18 10:11:45,6086.0,1498,6084.2,1,6085.8,1
2023-05-18 10:11:45,6086.0,1498,6084.4,1,6085.8,1
2023-05-18 10:11:46,6086.0,1498,6084.4,1,6086.4,2
2023-05-18 10:11:46,6086.0,1498,6084.4,1,6086.0,2
2023-05-18 10:11:47,6086.0,1498,6084.2,1,6086.0,2
2023-05-18 10:11:47,6086.0,1498,6084.2,1,6085.8,1
2023-05-18 10:11:49,6086.0,1498,6084.2,1,6085.6,1
2023-05-18 10:11:49,6086.0,1498,6084.4,1,6085.6,1
2023-05-18 10:11:50,6086.0,1498,6084.4,1,6085.6,1
2023-05-18 10:11:51,6086.0,1498,6083.6,2,6085.4,2
2023-05-18 10:11:53,6086.0,1498,6083.8,1,6085.4,2
2023-05-18 10:11:54,6086.0,1498,6083.8,1,6085.4,1
2023-05-18 10:11:54,6086.0,1498,6083.8,1,6085.8,1
2023-05-18 10:11:55,6086.0,1498,6084.0,1,6085.6,1
2023-05-18 10:11:56,6086.0,1498,6084.0,1,6085.8,1
2023-05-18 10:11:56,6086.0,1498,6084.0,1,6085.6,1
2023-05-18 10:11:57,6086.0,1498,6084.0,1,6085.6,1
2023-05-18 10:11:58,6086.0,1498,6084.0,1,6085.4,1
2023-05-18 10:11:58,6086.0,1498,6084.0,1,6085.0,2
2023-05-18 10:11:59,6084.0,1499,6083.0,2,6085.0,2
2023-05-18 10:11:59,6084.0,1499,6083.2,1,6084.4,1
2023-05-18 10:12:00,6083.2,1500,6081.6,1,6084.0,1
2023-05-18 10:12:00,6083.2,1500,6082.2,1,6083.8,1
2023-05-18 10:12:01,6083.2,1500,6082.4,2,6083.6,1
2023-05-18 10:12:01,6083.2,1500,6081.8,4,6083.6,1
2023-05-18 10:12:02,6083.2,1500,6081.8,4,6083.6,1
2023-05-18 10:12:03,6083.2,1500,6081.8,4,6083.8,1
2023-05-18 10:12:04,6083.2,1500,6081.8,4,6084.0,1
2023-05-18 10:12:04,6083.2,1500,6081.8,4,6083.8,1
2023-05-18 10:12:05,6083.2,1500,6083.0,2,6083.8,1
2023-05-18 10:12:05,6083.2,1500,6081.8,4,6083.8,1
2023-05-18 10:12:06,6083.2,1500,6082.0,1,6084.0,1
2023-05-18 10:12:06,6083.2,1500,6082.2,1,6083.8,1
2023-05-18 10:12:09,6083.2,1500,6082.2,1,6084.0,1
2023-05-18 10:12:09,6083.2,1500,6082.2,1,6084.0,1
2023-05-18 10:12:10,6083.2,1501,6082.2,1,6084.0,1
2023-05-18 10:12:11,6083.2,1501,6082.4,1,6084.0,1
2023-05-18 10:12:12,6084.0,1502,6082.6,1,6084.6,2
2023-05-18 10:12:12,6084.6,1503,6084.4,1,6084.6,1
2023-05-18 10:12:13,6084.8,1506,6082.8,2,6086.0,1
2023-05-18 10:12:13,6084.8,1506,6084.0,1,6085.8,1
2023-05-18 10:12:14,6084.8,1506,6084.4,1,6085.8,1
2023-05-18 10:12:14,6084.8,1506,6084.2,3,6087.0,1
2023-05-18 10:12:15,6084.8,1506,6084.2,2,6086.4,1
2023-05-18 10:12:15,6084.8,1506,6084.2,2,6086.2,2
2023-05-18 10:12:16,6084.2,1507,6084.2,1,6086.2,2
2023-05-18 10:12:16,6084.2,1507,6084.2,1,6086.0,1
2023-05-18 10:12:17,6084.2,1507,6084.0,1,6086.0,1
2023-05-18 10:12:17,6084.2,1507,6084.0,2,6085.8,2
2023-05-18 10:12:18,6084.2,1507,6084.0,1,6085.8,2
2023-05-18 10:12:20,6084.2,1507,6084.0,1,6085.6,1
2023-05-18 10:12:21,6084.2,1507,6084.0,1,6085.8,1
2023-05-18 10:12:21,6084.2,1507,6084.0,1,6085.8,1
2023-05-18 10:12:24,6084.2,1507,6084.0,1,6085.8,1
2023-05-18 10:12:24,6084.2,1507,6083.6,1,6085.4,1
2023-05-18 10:12:25,6084.2,1507,6083.6,1,6084.8,1
2023-05-18 10:12:25,6084.2,1507,6083.0,1,6084.6,1
2023-05-18 10:12:27,6084.2,1507,6083.0,1,6084.8,1
2023-05-18 10:12:28,6084.2,1507,6083.2,2,6084.8,1
2023-05-18 10:12:28,6084.2,1507,6083.2,2,6085.8,1
2023-05-18 10:12:29,6084.2,1507,6083.2,2,6085.2,1
2023-05-18 10:12:29,6084.2,1507,6083.4,1,6085.8,1
2023-05-18 10:12:30,6084.2,1507,6084.0,1,6085.8,1
2023-05-18 10:12:30,6084.2,1507,6084.0,1,6085.8,1
2023-05-18 10:12:31,6084.2,1507,6084.0,1,6085.8,1
2023-05-18 10:12:31,6084.2,1507,6084.0,1,6085.6,1
2023-05-18 10:12:32,6084.2,1507,6084.0,1,6085.8,1
2023-05-18 10:12:32,6084.2,1507,6084.0,1,6085.8,1
2023-05-18 10:12:33,6084.2,1507,6084.0,1,6085.6,1
2023-05-18 10:12:33,6084.2,1507,6084.0,1,6085.8,1
2023-05-18 10:12:34,6084.2,1507,6084.0,1,6085.6,1
2023-05-18 10:12:35,6084.2,1507,6084.0,1,6085.6,1
2023-05-18 10:12:36,6084.2,1507,6083.8,2,6085.6,1
2023-05-18 10:12:37,6084.2,1507,6083.8,2,6085.2,1
2023-05-18 10:12:37,6084.2,1507,6083.8,2,6085.6,1
2023-05-18 10:12:38,6084.2,1507,6083.8,2,6085.2,1
2023-05-18 10:12:39,6085.2,1508,6083.8,2,6085.4,1
2023-05-18 10:12:40,6085.2,1508,6083.8,2,6085.4,1
2023-05-18 10:12:40,6085.2,1508,6083.2,2,6085.4,1
2023-05-18 10:12:41,6085.2,1508,6083.2,3,6085.2,1
2023-05-18 10:12:42,6085.2,1508,6083.4,1,6085.4,1
2023-05-18 10:12:42,6085.2,1508,6083.2,3,6085.4,1
2023-05-18 10:12:43,6085.2,1508,6083.2,2,6085.4,1
2023-05-18 10:12:44,6085.2,1508,6083.2,2,6085.2,1
2023-05-18 10:12:45,6085.2,1508,6083.2,2,6085.4,1
2023-05-18 10:12:47,6085.2,1508,6082.8,1,6085.2,3
2023-05-18 10:12:47,6085.2,1508,6082.8,1,6085.0,1
2023-05-18 10:12:48,6085.2,1508,6082.8,1,6084.6,1
2023-05-18 10:12:48,6085.2,1508,6083.0,1,6084.8,1
2023-05-18 10:12:49,6085.2,1508,6083.0,1,6084.8,1
2023-05-18 10:12:49,6085.2,1508,6083.0,1,6084.8,1
2023-05-18 10:12:50,6085.2,1508,6083.4,2,6084.8,1
2023-05-18 10:12:55,6085.2,1508,6083.4,2,6084.8,1
2023-05-18 10:12:56,6083.6,1509,6083.4,2,6084.8,1
2023-05-18 10:12:56,6083.6,1509,6083.8,2,6084.8,1
2023-05-18 10:12:57,6083.6,1509,6083.6,1,6085.8,1
2023-05-18 10:12:57,6083.6,1509,6084.8,1,6085.8,1
2023-05-18 10:12:58,6083.6,1509,6084.8,1,6087.0,1
2023-05-18 10:12:58,6083.6,1509,6084.0,1,6086.6,1
2023-05-18 10:12:59,6083.6,1509,6084.2,1,6086.4,1
2023-05-18 10:12:59,6083.6,1509,6084.2,1,6086.2,2
2023-05-18 10:13:00,6083.6,1509,6084.0,1,6085.6,1
2023-05-18 10:13:00,6083.6,1509,6084.0,1,6085.4,1
2023-05-18 10:13:01,6083.6,1509,6084.0,1,6085.4,1
2023-05-18 10:13:01,6083.6,1509,6084.0,1,6086.2,1
2023-05-18 10:13:02,6083.6,1509,6084.2,1,6086.0,1
2023-05-18 10:13:04,6083.6,1509,6084.2,1,6085.8,1
2023-05-18 10:13:05,6083.6,1509,6084.2,1,6085.6,1
2023-05-18 10:13:05,6083.6,1509,6084.0,1,6085.6,1
2023-05-18 10:13:06,6083.6,1509,6083.6,1,6085.6,1
2023-05-18 10:13:06,6083.6,1509,6083.8,1,6085.2,1
2023-05-18 10:13:07,6083.6,1509,6083.8,1,6085.6,1
2023-05-18 10:13:07,6083.6,1509,6084.0,2,6085.6,1
2023-05-18 10:13:08,6083.6,1509,6084.2,1,6085.6,1
2023-05-18 10:13:08,6083.6,1509,6084.4,1,6086.2,1
2023-05-18 10:13:09,6083.6,1509,6084.6,1,6086.2,1
2023-05-18 10:13:09,6083.6,1509,6084.8,3,6086.8,2
2023-05-18 10:13:10,6083.6,1509,6084.8,2,6086.8,1
2023-05-18 10:13:10,6083.6,1509,6085.0,1,6088.0,1
2023-05-18 10:13:11,6083.6,1509,6085.2,1,6087.6,1
2023-05-18 10:13:11,6083.6,1509,6085.2,1,6087.4,1
2023-05-18 10:13:12,6083.6,1509,6085.2,1,6087.0,1
2023-05-18 10:13:12,6083.6,1509,6085.6,2,6087.2,1
2023-05-18 10:13:13,6083.6,1509,6086.0,3,6087.4,1
2023-05-18 10:13:13,6083.6,1509,6086.0,3,6087.8,1
2023-05-18 10:13:14,6083.6,1509,6086.2,1,6088.0,1
2023-05-18 10:13:15,6083.6,1509,6086.6,2,6087.8,1
2023-05-18 10:13:15,6083.6,1509,6087.0,1,6088.0,1
2023-05-18 10:13:16,6086.6,1510,6086.2,1,6087.8,2
2023-05-18 10:13:16,6086.2,1511,6085.2,1,6087.6,3
2023-05-18 10:13:17,6086.2,1511,6085.4,3,6086.6,1
2023-05-18 10:13:17,6086.2,1511,6085.4,3,6087.2,1
2023-05-18 10:13:18,6086.2,1511,6085.4,3,6087.2,1
2023-05-18 10:13:22,6086.2,1511,6085.6,1,6087.2,1
2023-05-18 10:13:23,6086.2,1511,6085.6,1,6087.0,1
2023-05-18 10:13:23,6086.2,1511,6085.4,1,6086.8,1
2023-05-18 10:13:24,6086.2,1511,6085.4,1,6086.6,1
2023-05-18 10:13:25,6086.2,1511,6085.4,1,6086.8,1
2023-05-18 10:13:25,6086.2,1511,6085.4,1,6087.0,1
2023-05-18 10:13:26,6086.2,1511,6085.6,1,6087.0,1
2023-05-18 10:13:27,6087.0,1512,6085.6,1,6087.6,2
2023-05-18 10:13:27,6087.0,1512,6085.8,2,6087.2,1
2023-05-18 10:13:28,6087.0,1512,6085.4,1,6087.0,1
2023-05-18 10:13:28,6087.0,1512,6085.4,1,6086.6,2
2023-05-18 10:13:29,6087.0,1512,6085.4,1,6086.4,1
2023-05-18 10:13:29,6087.0,1512,6085.4,1,6086.0,1
2023-05-18 10:13:30,6087.0,1512,6085.4,1,6086.2,1
2023-05-18 10:13:32,6087.0,1512,6085.4,1,6086.4,1
2023-05-18 10:13:32,6087.0,1512,6085.4,1,6086.4,1
2023-05-18 10:13:33,6087.0,1512,6085.4,1,6086.4,1
2023-05-18 10:13:36,6087.0,1512,6085.4,1,6086.2,1
2023-05-18 10:13:36,6087.0,1512,6085.4,1,6086.2,1
2023-05-18 10:13:37,6087.0,1512,6085.4,1,6086.2,1
2023-05-18 10:13:38,6087.0,1512,6085.4,1,6086.4,1
2023-05-18 10:13:40,6087.0,1512,6085.4,1,6086.0,1
2023-05-18 10:13:41,6087.0,1512,6085.4,1,6085.8,1
2023-05-18 10:13:42,6085.4,1513,6084.2,1,6085.8,1
2023-05-18 10:13:42,6085.4,1513,6084.4,2,6085.8,1
2023-05-18 10:13:43,6085.4,1513,6084.4,2,6085.8,1
2023-05-18 10:13:44,6085.4,1513,6084.6,1,6085.8,1
2023-05-18 10:13:44,6085.4,1513,6084.6,1,6086.6,1
2023-05-18 10:13:45,6085.4,1513,6084.6,1,6086.4,1
2023-05-18 10:13:45,6085.4,1513,6084.8,2,6087.6,2
2023-05-18 10:13:46,6085.4,1513,6086.0,1,6087.6,2
2023-05-18 10:13:46,6085.4,1513,6085.0,1,6087.6,2
2023-05-18 10:13:47,6085.4,1513,6085.6,1,6087.2,1
2023-05-18 10:13:47,6085.4,1513,6085.4,1,6087.0,1
2023-05-18 10:13:48,6085.4,1513,6085.6,1,6087.0,1
2023-05-18 10:13:48,6085.4,1513,6085.0,1,6087.0,1
2023-05-18 10:13:49,6085.4,1513,6085.4,1,6086.8,1
2023-05-18 10:13:51,6086.8,1514,6085.4,1,6087.0,1
2023-05-18 10:13:51,6086.8,1514,6085.4,1,6087.6,2
2023-05-18 10:13:52,6086.8,1514,6085.4,1,6087.4,1
2023-05-18 10:13:52,6086.8,1514,6085.4,1,6087.2,1
2023-05-18 10:13:53,6086.8,1514,6085.4,1,6087.0,1
2023-05-18 10:13:57,6086.8,1514,6085.4,1,6087.2,1
2023-05-18 10:13:58,6086.8,1514,6085.4,1,6087.6,2
2023-05-18 10:13:59,6086.8,1514,6085.6,1,6087.6,2
2023-05-18 10:13:59,6086.8,1514,6085.4,1,6087.6,2
2023-05-18 10:14:00,6086.8,1514,6085.4,1,6087.6,2
2023-05-18 10:14:01,6086.8,1514,6085.6,1,6087.6,2
2023-05-18 10:14:03,6086.8,1514,6085.4,1,6087.6,2
2023-05-18 10:14:04,6086.8,1514,6085.6,2,6087.4,1
2023-05-18 10:14:05,6086.8,1514,6085.6,2,6087.6,2
2023-05-18 10:14:06,6086.8,1514,6085.6,2,6087.6,2
2023-05-18 10:14:06,6086.8,1514,6085.8,1,6089.2,1
2023-05-18 10:14:07,6086.8,1514,6085.8,1,6089.0,3
2023-05-18 10:14:07,6086.8,1514,6085.8,1,6089.0,3
2023-05-18 10:14:08,6086.8,1514,6086.0,2,6089.0,3
2023-05-18 10:14:08,6086.8,1514,6086.2,3,6089.0,3
2023-05-18 10:14:09,6086.8,1514,6086.0,1,6088.8,1
2023-05-18 10:14:09,6086.8,1514,6085.4,1,6088.4,1
2023-05-18 10:14:10,6086.8,1514,6085.4,1,6088.2,2
2023-05-18 10:14:10,6086.8,1514,6085.4,1,6087.8,1
2023-05-18 10:14:11,6086.8,1514,6085.4,1,6087.4,1
2023-05-18 10:14:11,6086.8,1514,6085.4,1,6087.2,1
2023-05-18 10:14:12,6086.8,1514,6085.4,1,6086.4,1
2023-05-18 10:14:13,6086.8,1514,6084.8,1,6086.4,1
2023-05-18 10:14:14,6086.4,1515,6084.6,2,6087.2,1
2023-05-18 10:14:14,6086.4,1515,6085.2,1,6086.8,1
2023-05-18 10:14:16,6086.4,1515,6085.2,1,6086.6,1
2023-05-18 10:14:17,6086.4,1515,6085.0,1,6086.4,1
2023-05-18 10:14:17,6086.4,1515,6085.0,1,6085.6,1
2023-05-18 10:14:18,6086.4,1515,6084.6,2,6087.2,1
2023-05-18 10:14:18,6086.4,1515,6085.6,1,6086.6,1
2023-05-18 10:14:19,6086.4,1515,6085.6,1,6086.4,1
2023-05-18 10:14:19,6086.4,1515,6084.6,2,6086.2,1
2023-05-18 10:14:20,6086.4,1515,6085.0,3,6087.2,1
2023-05-18 10:14:21,6086.4,1515,6085.2,2,6087.2,1
2023-05-18 10:14:21,6086.4,1515,6085.2,2,6087.6,1
2023-05-18 10:14:22,6086.4,1515,6085.2,2,6087.6,1
2023-05-18 10:14:22,6086.4,1515,6085.4,2,6088.2,1
2023-05-18 10:14:23,6086.4,1515,6085.8,3,6088.2,1
2023-05-18 10:14:23,6086.4,1515,6086.4,1,6088.2,1
2023-05-18 10:14:24,6086.4,1515,6086.4,1,6088.2,1
2023-05-18 10:14:25,6086.4,1515,6086.6,2,6088.2,1
2023-05-18 10:14:25,6086.4,1515,6086.4,1,6089.0,1
2023-05-18 10:14:26,6086.4,1515,6086.4,1,6088.6,1
2023-05-18 10:14:26,6086.4,1515,6086.6,1,6088.4,1
2023-05-18 10:14:27,6086.4,1515,6086.6,1,6088.2,1
2023-05-18 10:14:28,6086.4,1516,6086.6,1,6088.2,1
2023-05-18 10:14:28,6086.4,1516,6086.8,1,6088.0,1
2023-05-18 10:14:29,6086.4,1516,6087.0,2,6088.0,1
2023-05-18 10:14:29,6086.4,1516,6086.8,1,6088.8,1
2023-05-18 10:14:30,6086.4,1516,6086.8,1,6088.6,1
2023-05-18 10:14:30,6086.4,1516,6087.2,2,6088.6,1
2023-05-18 10:14:31,6086.4,1516,6086.8,2,6088.4,1
2023-05-18 10:14:31,6086.4,1516,6086.8,2,6088.4,1
2023-05-18 10:14:33,6086.4,1516,6087.0,2,6088.4,1
2023-05-18 10:14:34,6086.4,1516,6086.8,2,6088.4,1
2023-05-18 10:14:40,6086.4,1516,6087.4,2,6088.4,1
2023-05-18 10:14:41,6088.4,1517,6087.0,2,6089.0,1
2023-05-18 10:14:42,6088.4,1517,6087.0,2,6088.8,1
2023-05-18 10:14:43,6088.4,1517,6087.0,2,6088.8,1
2023-05-18 10:14:44,6088.4,1517,6087.0,2,6088.8,1
2023-05-18 10:14:45,6088.4,1517,6087.0,2,6089.4,1
2023-05-18 10:14:45,6088.4,1517,6087.0,2,6089.2,3
2023-05-18 10:14:47,6088.4,1517,6086.8,1,6089.0,1
2023-05-18 10:14:47,6088.4,1517,6087.0,1,6088.6,1
2023-05-18 10:14:48,6088.4,1517,6087.0,1,6088.8,1
2023-05-18 10:14:52,6088.4,1517,6087.2,3,6088.8,1
2023-05-18 10:14:53,6088.4,1517,6087.2,3,6089.2,2
2023-05-18 10:14:53,6088.4,1517,6087.2,3,6090.0,1
2023-05-18 10:14:54,6088.4,1517,6087.4,1,6089.6,1
2023-05-18 10:14:54,6088.4,1517,6087.8,1,6089.4,1
2023-05-18 10:14:55,6089.4,1518,6087.4,1,6089.8,3
2023-05-18 10:14:55,6089.4,1518,6087.6,2,6089.8,3
2023-05-18 10:14:56,6089.4,1518,6087.8,1,6089.6,1
2023-05-18 10:14:56,6089.4,1518,6088.0,1,6089.4,1
2023-05-18 10:14:57,6089.4,1518,6087.8,1,6089.4,1
2023-05-18 10:14:58,6089.4,1519,6087.8,1,6089.8,3
2023-05-18 10:14:59,6089.4,1519,6088.0,1,6089.6,1
2023-05-18 10:15:00,6089.4,1519,6088.0,1,6089.6,1
2023-05-18 10:15:01,6089.4,1519,6088.0,1,6089.8,3
2023-05-18 10:15:04,6089.4,1519,6088.0,1,6089.6,1
2023-05-18 10:15:05,6088.0,1520,6087.6,1,6089.6,1
2023-05-18 10:15:05,6088.0,1520,6087.6,1,6089.6,1
2023-05-18 10:15:06,6088.0,1520,6087.6,1,6089.6,1
2023-05-18 10:15:06,6088.0,1520,6087.6,1,6089.6,1
2023-05-18 10:15:07,6088.0,1520,6086.6,1,6087.6,1
2023-05-18 10:15:07,6088.0,1520,6086.8,2,6087.6,1
2023-05-18 10:15:08,6087.6,1521,6086.8,2,6089.6,1
2023-05-18 10:15:09,6087.6,1521,6087.0,1,6089.4,1
2023-05-18 10:15:09,6087.6,1521,6087.0,1,6089.0,1
2023-05-18 10:15:10,6087.6,1521,6086.6,1,6089.0,1
2023-05-18 10:15:10,6087.6,1521,6086.8,1,6088.6,1
2023-05-18 10:15:11,6087.6,1521,6086.6,1,6088.4,1
2023-05-18 10:15:11,6087.6,1521,6086.6,1,6088.2,1
2023-05-18 10:15:12,6087.6,1521,6086.6,1,6088.0,1
2023-05-18 10:15:13,6087.6,1521,6086.6,1,6088.0,1
2023-05-18 10:15:14,6086.4,1522,6085.4,1,6088.4,1
2023-05-18 10:15:14,6086.4,1522,6085.8,1,6087.6,1
2023-05-18 10:15:15,6086.4,1522,6085.8,1,6087.6,1
2023-05-18 10:15:15,6086.4,1522,6086.0,1,6087.6,1
2023-05-18 10:15:16,6086.4,1522,6086.0,1,6088.4,1
2023-05-18 10:15:16,6086.4,1522,6086.4,1,6088.0,1
2023-05-18 10:15:17,6086.4,1522,6086.4,1,6088.4,1
2023-05-18 10:15:17,6086.4,1522,6086.4,1,6088.2,1
2023-05-18 10:15:21,6086.4,1522,6086.4,1,6088.2,1
2023-05-18 10:15:23,6086.4,1522,6086.4,1,6088.0,2
2023-05-18 10:15:24,6086.4,1522,6086.4,1,6088.0,1
2023-05-18 10:15:25,6086.4,1522,6086.0,1,6087.8,1
2023-05-18 10:15:25,6086.4,1522,6086.0,1,6087.6,1
2023-05-18 10:15:26,6086.4,1522,6086.0,1,6088.0,1
2023-05-18 10:15:26,6086.4,1522,6086.2,1,6088.0,1
2023-05-18 10:15:27,6086.4,1522,6086.4,1,6088.0,1
2023-05-18 10:15:28,6086.4,1522,6086.2,1,6088.0,1
2023-05-18 10:15:31,6086.4,1522,6086.2,1,6087.8,1
2023-05-18 10:15:32,6086.4,1522,6086.2,1,6088.0,1
2023-05-18 10:15:32,6086.4,1522,6086.4,1,6088.0,1
2023-05-18 10:15:36,6086.4,1522,6086.4,1,6087.8,1
2023-05-18 10:15:36,6086.4,1522,6086.2,1,6087.8,1
2023-05-18 10:15:37,6088.0,1524,6086.2,1,6089.2,1
2023-05-18 10:15:37,6088.0,1524,6086.4,1,6088.8,1
2023-05-18 10:15:38,6088.0,1524,6086.4,1,6088.6,2
2023-05-18 10:15:38,6088.0,1524,6086.2,1,6088.2,1
2023-05-18 10:15:39,6088.0,1524,6086.2,1,6088.0,1
2023-05-18 10:15:39,6088.0,1524,6086.2,1,6088.0,1
2023-05-18 10:15:40,6088.0,1524,6086.2,1,6087.8,2
2023-05-18 10:15:41,6088.0,1524,6086.2,1,6087.8,1
2023-05-18 10:15:42,6088.0,1524,6086.2,1,6087.8,1
2023-05-18 10:15:44,6088.0,1524,6086.2,1,6087.8,1
2023-05-18 10:15:46,6088.0,1524,6086.4,3,6087.8,1
2023-05-18 10:15:47,6088.0,1524,6086.6,1,6088.6,1
2023-05-18 10:15:47,6088.0,1524,6087.0,1,6088.6,1
2023-05-18 10:15:48,6088.0,1524,6087.2,1,6088.6,1
2023-05-18 10:15:50,6088.0,1524,6086.8,1,6088.4,2
2023-05-18 10:15:51,6088.0,1524,6086.6,1,6088.0,1
2023-05-18 10:15:51,6088.0,1524,6084.4,1,6087.4,1
2023-05-18 10:15:52,6088.0,1524,6085.4,2,6087.4,1
2023-05-18 10:15:52,6088.0,1524,6085.6,3,6087.4,1
2023-05-18 10:15:53,6088.0,1524,6085.8,1,6087.4,1
2023-05-18 10:15:53,6088.0,1524,6086.2,1,6087.4,1
2023-05-18 10:15:54,6088.0,1524,6086.2,1,6087.8,1
2023-05-18 10:15:56,6088.0,1524,6086.4,1,6087.8,1
2023-05-18 10:15:57,6088.0,1524,6085.8,1,6087.8,1
2023-05-18 10:15:57,6088.0,1524,6085.8,1,6087.6,1
2023-05-18 10:15:58,6088.0,1524,6085.8,1,6087.6,1
2023-05-18 10:16:00,6085.8,1525,6085.6,1,6087.6,1
2023-05-18 10:16:00,6086.2,1526,6085.8,1,6087.2,1
2023-05-18 10:16:01,6086.2,1526,6085.8,1,6087.0,1
2023-05-18 10:16:01,6086.2,1526,6085.8,1,6087.2,1
2023-05-18 10:16:02,6086.2,1526,6085.8,1,6087.0,1
2023-05-18 10:16:02,6085.8,1527,6084.6,2,6086.6,1
2023-05-18 10:16:03,6085.8,1528,6084.6,1,6085.8,1
2023-05-18 10:16:03,6085.8,1528,6084.6,1,6085.6,1
2023-05-18 10:16:04,6085.8,1528,6083.0,1,6086.4,3
2023-05-18 10:16:04,6085.8,1528,6084.2,1,6086.0,1
2023-05-18 10:16:05,6085.8,1528,6083.4,2,6085.8,1
2023-05-18 10:16:05,6085.8,1528,6084.0,1,6086.2,3
2023-05-18 10:16:06,6085.8,1528,6084.2,1,6086.2,3
2023-05-18 10:16:06,6085.8,1528,6084.2,1,6086.2,2
2023-05-18 10:16:07,6085.8,1528,6084.4,1,6086.2,2
2023-05-18 10:16:07,6085.8,1528,6084.4,1,6086.2,2
2023-05-18 10:16:08,6085.8,1528,6084.6,1,6086.2,2
2023-05-18 10:16:08,6085.8,1528,6084.6,1,6086.4,1
2023-05-18 10:16:09,6085.8,1528,6084.8,1,6086.4,1
2023-05-18 10:16:09,6085.8,1528,6084.8,1,6088.2,1
2023-05-18 10:16:10,6085.8,1528,6085.0,1,6087.8,1
2023-05-18 10:16:10,6085.8,1528,6085.2,1,6087.0,1
2023-05-18 10:16:11,6085.8,1528,6085.2,1,6086.8,1
2023-05-18 10:16:11,6085.8,1528,6084.6,1,6086.6,2
2023-05-18 10:16:12,6085.8,1528,6084.6,1,6086.4,1
2023-05-18 10:16:12,6085.8,1528,6084.6,1,6086.2,1
2023-05-18 10:16:13,6085.8,1528,6084.8,1,6086.2,1
2023-05-18 10:16:13,6085.8,1528,6084.8,1,6086.4,1
2023-05-18 10:16:14,6085.8,1528,6084.6,1,6086.4,1
2023-05-18 10:16:15,6085.8,1528,6084.8,1,6086.4,1
2023-05-18 10:16:16,6086.6,1529,6085.2,1,6086.8,2
2023-05-18 10:16:16,6086.6,1529,6085.4,1,6087.6,1
2023-05-18 10:16:17,6086.6,1529,6085.4,1,6087.2,1
2023-05-18 10:16:17,6086.6,1529,6085.4,1,6087.0,1
2023-05-18 10:16:18,6086.6,1529,6085.2,1,6087.0,1
2023-05-18 10:16:19,6086.6,1529,6085.4,3,6087.0,1
2023-05-18 10:16:20,6086.6,1529,6085.6,1,6087.2,1
2023-05-18 10:16:20,6086.6,1529,6085.8,1,6087.2,1
2023-05-18 10:16:21,6086.6,1529,6085.6,1,6087.2,1
2023-05-18 10:16:23,6086.6,1529,6085.6,1,6087.2,1
2023-05-18 10:16:24,6086.6,1529,6086.0,1,6087.4,2
2023-05-18 10:16:24,6086.6,1529,6086.0,1,6087.4,2
2023-05-18 10:16:25,6086.6,1529,6086.2,1,6087.4,2
2023-05-18 10:16:25,6086.6,1529,6086.0,1,6087.8,2
2023-05-18 10:16:26,6086.6,1529,6086.0,2,6087.6,1
2023-05-18 10:16:26,6086.6,1529,6086.0,1,6087.6,1
2023-05-18 10:16:27,6086.6,1529,6086.0,2,6087.6,1
2023-05-18 10:16:28,6086.6,1529,6086.0,1,6087.6,1
2023-05-18 10:16:29,6086.6,1529,6085.8,2,6087.6,1
2023-05-18 10:16:31,6086.6,1529,6086.0,1,6087.6,1
2023-05-18 10:16:32,6086.6,1529,6086.2,1,6087.8,2
2023-05-18 10:16:32,6086.6,1529,6086.4,1,6087.8,2
2023-05-18 10:16:33,6086.6,1529,6086.6,1,6087.8,2
2023-05-18 10:16:33,6086.6,1529,6086.4,1,6087.8,2
2023-05-18 10:16:34,6086.6,1529,6086.6,1,6087.8,2
2023-05-18 10:16:34,6086.6,1529,6086.6,1,6087.8,2
2023-05-18 10:16:35,6086.6,1529,6086.2,1,6087.8,2
2023-05-18 10:16:35,6086.6,1529,6086.2,1,6088.0,1
2023-05-18 10:16:36,6086.6,1529,6086.6,1,6089.2,1
2023-05-18 10:16:36,6086.6,1529,6086.8,1,6089.0,4
2023-05-18 10:16:37,6086.6,1529,6086.2,1,6088.8,1
2023-05-18 10:16:37,6086.6,1529,6086.2,1,6087.8,1
2023-05-18 10:16:38,6086.6,1529,6085.8,1,6088.6,3
2023-05-18 10:16:38,6086.6,1529,6086.0,2,6088.4,1
2023-05-18 10:16:39,6086.6,1529,6086.0,2,6088.2,1
2023-05-18 10:16:39,6086.6,1529,6086.4,1,6088.2,1
2023-05-18 10:16:40,6086.6,1529,6086.6,1,6088.2,1
2023-05-18 10:16:40,6086.6,1529,6086.8,1,6088.2,1
2023-05-18 10:16:43,6086.6,1529,6086.0,1,6088.2,1
2023-05-18 10:16:44,6086.6,1529,6086.0,1,6088.0,1
2023-05-18 10:16:44,6086.6,1529,6085.8,1,6087.6,2
2023-05-18 10:16:45,6086.6,1529,6085.4,2,6087.4,1
2023-05-18 10:16:45,6086.6,1529,6085.4,2,6087.0,1
2023-05-18 10:16:46,6085.2,1530,6085.6,1,6086.8,1
2023-05-18 10:16:46,6085.2,1530,6085.8,1,6086.8,1
2023-05-18 10:16:47,6085.2,1530,6085.8,1,6087.2,3
2023-05-18 10:16:48,6085.2,1530,6086.0,1,6087.2,2
2023-05-18 10:16:49,6085.2,1530,6086.0,1,6087.2,2
2023-05-18 10:16:49,6085.2,1530,6086.0,1,6087.0,1
2023-05-18 10:16:50,6085.8,1532,6084.0,1,6086.4,1
2023-05-18 10:16:50,6085.8,1532,6084.6,3,6086.2,1
2023-05-18 10:16:51,6085.8,1532,6084.8,2,6086.4,1
2023-05-18 10:16:52,6085.8,1532,6084.8,2,6086.4,1
2023-05-18 10:16:52,6085.8,1532,6084.8,2,6087.0,1
2023-05-18 10:16:53,6085.8,1532,6084.8,2,6086.8,1
2023-05-18 10:16:54,6085.8,1532,6084.8,1,6086.4,1
2023-05-18 10:16:54,6085.8,1532,6084.8,1,6086.6,1
2023-05-18 10:16:55,6085.8,1532,6084.8,1,6087.0,1
2023-05-18 10:16:55,6085.8,1532,6085.0,1,6086.8,1
2023-05-18 10:16:56,6085.8,1532,6084.8,1,6086.2,1
2023-05-18 10:16:57,6085.8,1532,6084.8,1,6086.8,1
2023-05-18 10:16:57,6085.8,1532,6084.8,1,6086.6,1
2023-05-18 10:16:59,6085.8,1532,6084.8,1,6086.6,1
2023-05-18 10:16:59,6085.8,1532,6084.8,1,6086.4,1
2023-05-18 10:17:01,6085.8,1532,6084.8,1,6086.4,1
2023-05-18 10:17:02,6085.8,1532,6084.6,1,6086.2,2
2023-05-18 10:17:02,6085.8,1532,6084.2,2,6085.6,1
2023-05-18 10:17:03,6085.8,1532,6084.0,2,6085.4,1
2023-05-18 10:17:03,6085.8,1532,6083.0,1,6085.2,1
2023-05-18 10:17:04,6085.8,1532,6083.2,1,6084.8,1
2023-05-18 10:17:04,6085.8,1532,6083.2,1,6085.0,2
2023-05-18 10:17:05,6085.8,1532,6083.4,2,6085.0,2
2023-05-18 10:17:05,6085.4,1533,6083.4,2,6085.6,1
2023-05-18 10:17:06,6085.4,1533,6083.8,2,6085.8,1
2023-05-18 10:17:06,6085.6,1534,6084.0,1,6085.8,2
2023-05-18 10:17:07,6085.6,1534,6084.4,1,6085.8,1
2023-05-18 10:17:07,6085.6,1534,6084.6,1,6085.8,1
2023-05-18 10:17:08,6085.6,1534,6084.8,1,6085.8,1
2023-05-18 10:17:08,6085.6,1534,6084.8,1,6085.8,1
2023-05-18 10:17:09,6085.8,1535,6084.8,1,6087.4,1
2023-05-18 10:17:09,6085.8,1535,6085.0,1,6086.6,1
2023-05-18 10:17:10,6085.8,1535,6085.2,1,6086.4,1
2023-05-18 10:17:11,6085.8,1535,6085.2,1,6086.4,1
2023-05-18 10:17:11,6085.8,1535,6084.6,1,6086.6,1
2023-05-18 10:17:12,6085.8,1535,6084.8,1,6086.6,1
2023-05-18 10:17:12,6085.8,1535,6085.2,1,6087.2,4
2023-05-18 10:17:13,6085.8,1535,6085.2,1,6087.2,4
2023-05-18 10:17:13,6085.8,1535,6085.6,1,6087.2,4
2023-05-18 10:17:14,6085.8,1535,6086.0,1,6087.2,4
2023-05-18 10:17:14,6085.8,1535,6086.2,1,6087.2,2
2023-05-18 10:17:15,6085.8,1535,6086.4,1,6089.2,1
2023-05-18 10:17:15,6085.8,1535,6086.2,1,6088.4,1
2023-05-18 10:17:16,6085.8,1535,6085.8,2,6088.2,3
2023-05-18 10:17:18,6085.8,1535,6086.0,1,6088.2,3
2023-05-18 10:17:20,6085.8,1535,6086.0,1,6088.2,2
2023-05-18 10:17:20,6085.8,1535,6086.0,1,6088.2,2
2023-05-18 10:17:23,6085.8,1535,6086.0,1,6088.0,1
2023-05-18 10:17:24,6085.8,1535,6085.8,2,6087.8,1
2023-05-18 10:17:25,6085.8,1535,6085.8,2,6087.6,1
2023-05-18 10:17:25,6085.8,1535,6085.8,2,6087.4,1
2023-05-18 10:17:26,6085.8,1535,6085.8,2,6087.4,1
2023-05-18 10:17:31,6085.8,1535,6085.8,2,6087.8,1
2023-05-18 10:17:32,6085.8,1536,6085.8,2,6087.8,1
2023-05-18 10:17:33,6085.8,1536,6086.0,1,6087.8,1
2023-05-18 10:17:35,6085.8,1536,6086.2,1,6087.8,1
2023-05-18 10:17:36,6085.8,1536,6086.4,1,6087.8,1
2023-05-18 10:17:37,6085.8,1536,6086.8,1,6088.2,1
2023-05-18 10:17:38,6085.8,1536,6086.8,1,6088.2,1
2023-05-18 10:17:38,6085.8,1536,6086.8,1,6088.2,1
2023-05-18 10:17:39,6088.2,1537,6086.8,1,6089.0,1
2023-05-18 10:17:39,6088.2,1537,6086.8,1,6088.8,1
2023-05-18 10:17:40,6088.2,1537,6086.0,1,6088.6,2
2023-05-18 10:17:40,6088.2,1537,6086.0,1,6088.4,1
2023-05-18 10:17:41,6088.2,1537,6086.0,1,6087.8,1
2023-05-18 10:17:41,6088.2,1537,6086.0,1,6087.6,3
2023-05-18 10:17:42,6088.2,1537,6086.2,2,6087.6,1
2023-05-18 10:17:42,6088.2,1537,6086.2,2,6087.8,1
2023-05-18 10:17:43,6088.2,1537,6086.2,2,6088.2,1
2023-05-18 10:17:44,6088.2,1537,6086.2,2,6088.0,1
2023-05-18 10:17:44,6088.2,1537,6086.2,2,6087.8,2
2023-05-18 10:17:45,6088.2,1537,6086.2,2,6087.8,1
2023-05-18 10:17:48,6088.2,1537,6086.2,2,6087.6,1
2023-05-18 10:17:51,6088.2,1537,6086.2,2,6087.8,1
2023-05-18 10:17:52,6088.2,1537,6086.2,2,6087.6,1
2023-05-18 10:17:54,6088.2,1537,6086.0,1,6087.6,1
2023-05-18 10:17:57,6088.2,1537,6086.0,1,6087.4,1
2023-05-18 10:17:58,6088.2,1537,6086.0,1,6086.6,1
2023-05-18 10:17:58,6088.2,1537,6086.0,1,6086.4,1
2023-05-18 10:17:59,6086.0,1539,6084.8,1,6087.2,3
2023-05-18 10:17:59,6086.0,1539,6085.2,1,6087.2,2
2023-05-18 10:18:00,6086.0,1539,6084.8,1,6087.0,1
2023-05-18 10:18:00,6086.0,1539,6084.8,1,6086.6,1
2023-05-18 10:18:01,6086.0,1539,6085.0,1,6086.0,1
2023-05-18 10:18:01,6086.0,1539,6085.0,1,6086.4,1
2023-05-18 10:18:02,6086.0,1539,6085.0,1,6086.4,1
2023-05-18 10:18:03,6086.0,1539,6085.2,2,6086.4,1
2023-05-18 10:18:03,6086.0,1539,6085.4,1,6086.4,1
2023-05-18 10:18:04,6086.0,1539,6085.4,1,6086.8,1
2023-05-18 10:18:04,6086.0,1539,6085.2,2,6086.4,1
2023-05-18 10:18:05,6086.0,1539,6084.8,1,6086.2,3
2023-05-18 10:18:06,6086.0,1539,6082.8,1,6086.2,2
2023-05-18 10:18:06,6086.0,1541,6084.2,1,6086.2,2
2023-05-18 10:18:07,6086.0,1541,6084.4,2,6086.2,1
2023-05-18 10:18:07,6086.0,1541,6084.4,2,6086.2,1
2023-05-18 10:18:08,6086.0,1541,6084.4,2,6086.4,1
2023-05-18 10:18:08,6086.0,1541,6084.4,2,6086.8,1
2023-05-18 10:18:10,6086.0,1541,6084.4,2,6087.2,1
2023-05-18 10:18:10,6086.0,1541,6084.4,2,6086.8,1
2023-05-18 10:18:11,6086.0,1541,6084.4,2,6086.8,1
2023-05-18 10:18:11,6086.8,1542,6084.4,2,6087.2,1
2023-05-18 10:18:12,6086.8,1542,6084.8,1,6087.2,1
2023-05-18 10:18:13,6086.8,1542,6085.2,1,6087.2,1
2023-05-18 10:18:13,6086.8,1542,6085.4,1,6087.2,1
2023-05-18 10:18:14,6086.8,1542,6085.4,1,6087.0,1
2023-05-18 10:18:14,6086.8,1542,6085.6,1,6087.2,1
2023-05-18 10:18:15,6086.8,1542,6085.6,1,6087.2,1
2023-05-18 10:18:15,6086.8,1542,6085.4,1,6087.0,1
2023-05-18 10:18:16,6086.8,1542,6085.4,1,6086.8,1
2023-05-18 10:18:16,6086.8,1542,6085.4,1,6086.2,1
2023-05-18 10:18:17,6086.8,1542,6085.0,1,6086.2,1
2023-05-18 10:18:18,6085.0,1543,6084.2,1,6086.2,1
2023-05-18 10:18:18,6085.0,1543,6084.6,2,6086.2,1
2023-05-18 10:18:19,6085.0,1543,6084.6,2,6087.0,1
2023-05-18 10:18:19,6085.0,1543,6084.6,2,6086.8,3
2023-05-18 10:18:20,6085.0,1543,6084.6,2,6086.4,1
2023-05-18 10:18:20,6085.0,1543,6084.8,1,6086.4,1
2023-05-18 10:18:21,6085.0,1543,6084.8,1,6086.8,1
2023-05-18 10:18:21,6085.0,1543,6084.8,1,6086.6,1
2023-05-18 10:18:22,6085.0,1543,6084.8,1,6086.6,1
2023-05-18 10:18:22,6085.0,1543,6084.8,1,6086.8,1
2023-05-18 10:18:23,6085.0,1543,6084.8,1,6086.8,1
2023-05-18 10:18:24,6086.8,1544,6084.8,1,6087.0,1
2023-05-18 10:18:24,6086.8,1544,6085.0,1,6087.0,1
2023-05-18 10:18:25,6086.8,1544,6085.2,1,6087.0,1
2023-05-18 10:18:25,6086.8,1544,6085.6,1,6087.0,1
2023-05-18 10:18:26,6086.8,1544,6085.8,1,6087.0,1
2023-05-18 10:18:27,6086.8,1544,6085.8,1,6087.0,1
2023-05-18 10:18:27,6086.8,1544,6085.8,1,6087.0,1
2023-05-18 10:18:28,6086.8,1544,6085.4,1,6087.0,1
2023-05-18 10:18:31,6086.8,1544,6085.0,1,6087.0,1
2023-05-18 10:18:32,6086.8,1544,6085.0,1,6086.8,1
2023-05-18 10:18:32,6086.8,1544,6085.0,1,6086.2,1
2023-05-18 10:18:33,6086.8,1544,6085.0,1,6086.6,1
2023-05-18 10:18:33,6086.8,1544,6085.4,2,6086.8,1
2023-05-18 10:18:34,6086.8,1544,6085.6,1,6087.0,1
2023-05-18 10:18:34,6086.8,1544,6085.6,1,6087.0,1
2023-05-18 10:18:36,6086.8,1544,6085.4,2,6087.0,1
2023-05-18 10:18:46,6086.8,1544,6085.4,2,6087.4,3
2023-05-18 10:18:46,6086.8,1544,6085.4,2,6087.2,1
2023-05-18 10:18:47,6086.8,1544,6085.6,1,6087.2,1
2023-05-18 10:18:53,6086.8,1544,6085.6,1,6087.0,1
2023-05-18 10:18:53,6086.8,1544,6085.6,1,6087.0,1
2023-05-18 10:18:55,6086.8,1544,6085.4,2,6087.0,1
2023-05-18 10:18:57,6086.8,1544,6085.0,1,6087.0,1
2023-05-18 10:18:58,6086.8,1544,6085.0,1,6086.8,2
2023-05-18 10:18:58,6086.8,1544,6084.0,1,6086.0,1
2023-05-18 10:18:59,6086.8,1544,6084.2,1,6086.0,1
2023-05-18 10:18:59,6086.2,1545,6086.2,1,6086.4,1
2023-05-18 10:19:00,6086.2,1546,6084.4,2,6086.2,1
2023-05-18 10:19:00,6086.2,1546,6085.0,1,6086.2,1
2023-05-18 10:19:01,6086.2,1546,6085.2,1,6086.6,2
2023-05-18 10:19:02,6086.2,1546,6085.2,1,6086.6,2
2023-05-18 10:19:02,6086.6,1548,6085.2,1,6086.8,1
2023-05-18 10:19:03,6086.6,1548,6085.4,1,6087.0,1
2023-05-18 10:19:03,6086.6,1548,6085.6,1,6087.0,1
2023-05-18 10:19:04,6085.6,1549,6085.4,1,6087.0,1
2023-05-18 10:19:06,6085.6,1549,6085.0,1,6087.0,1
2023-05-18 10:19:06,6085.6,1549,6085.0,1,6086.8,1
2023-05-18 10:19:10,6085.6,1549,6085.4,1,6087.0,1
2023-05-18 10:19:11,6085.6,1549,6085.6,2,6087.0,1
2023-05-18 10:19:11,6085.6,1549,6085.8,1,6087.0,1
2023-05-18 10:19:12,6085.6,1549,6085.8,1,6087.0,1
2023-05-18 10:19:12,6085.6,1549,6085.6,1,6087.0,1
2023-05-18 10:19:13,6085.6,1549,6085.4,1,6087.0,1
2023-05-18 10:19:13,6085.6,1549,6085.4,1,6087.0,1
2023-05-18 10:19:15,6085.6,1549,6085.4,1,6087.0,1
2023-05-18 10:19:19,6085.6,1549,6085.0,1,6087.0,1
2023-05-18 10:19:20,6085.6,1549,6085.4,2,6087.0,1
2023-05-18 10:19:20,6085.6,1549,6085.6,1,6087.0,1
2023-05-18 10:19:21,6085.6,1549,6085.4,2,6087.0,1
2023-05-18 10:19:22,6085.6,1549,6085.6,4,6087.0,1
2023-05-18 10:19:22,6085.6,1549,6085.8,1,6087.0,1
2023-05-18 10:19:23,6085.6,1549,6086.0,2,6087.0,1
2023-05-18 10:19:23,6085.6,1549,6085.6,2,6087.0,1
2023-05-18 10:19:24,6087.0,1550,6085.8,1,6089.2,1
2023-05-18 10:19:24,6087.0,1550,6086.2,1,6088.8,1
2023-05-18 10:19:25,6087.0,1550,6086.4,1,6088.6,1
2023-05-18 10:19:25,6087.0,1550,6086.4,1,6088.2,1
2023-05-18 10:19:26,6087.0,1550,6085.8,1,6088.0,2
2023-05-18 10:19:26,6087.0,1550,6085.2,1,6087.6,1
2023-05-18 10:19:27,6087.0,1550,6085.4,2,6087.4,1
2023-05-18 10:19:27,6087.0,1550,6085.6,1,6087.2,2
2023-05-18 10:19:28,6087.0,1550,6085.6,1,6087.2,2
2023-05-18 10:19:29,6087.0,1550,6085.4,2,6087.2,1
2023-05-18 10:19:30,6087.0,1550,6085.6,1,6087.2,1
2023-05-18 10:19:30,6087.0,1550,6085.8,1,6087.4,3
2023-05-18 10:19:31,6087.4,1553,6086.0,1,6089.2,1
2023-05-18 10:19:31,6087.4,1553,6087.0,1,6089.2,1
2023-05-18 10:19:32,6087.4,1553,6087.2,1,6089.2,1
2023-05-18 10:19:32,6087.4,1553,6087.4,1,6089.0,3
2023-05-18 10:19:33,6087.4,1553,6087.4,1,6090.0,2
2023-05-18 10:19:33,6087.4,1553,6087.4,1,6088.8,2
2023-05-18 10:19:34,6087.4,1553,6087.0,1,6088.6,1
2023-05-18 10:19:34,6087.4,1553,6087.2,5,6088.6,1
2023-05-18 10:19:35,6087.4,1553,6087.2,3,6088.8,2
2023-05-18 10:19:35,6087.4,1553,6087.2,3,6088.8,2
2023-05-18 10:19:36,6087.4,1553,6087.4,1,6088.8,2
2023-05-18 10:19:37,6087.4,1553,6087.4,1,6088.8,2
2023-05-18 10:19:38,6087.4,1553,6087.4,1,6088.6,1
2023-05-18 10:19:38,6087.4,1553,6087.4,1,6088.6,1
2023-05-18 10:19:39,6087.4,1553,6087.8,1,6088.8,2
2023-05-18 10:19:39,6087.4,1553,6087.4,1,6088.8,2
2023-05-18 10:19:42,6087.4,1553,6087.4,1,6088.8,2
2023-05-18 10:19:44,6087.4,1553,6087.4,1,6090.0,2
2023-05-18 10:19:45,6087.4,1553,6087.4,1,6089.6,1
2023-05-18 10:19:45,6087.4,1553,6087.4,1,6089.4,1
2023-05-18 10:19:46,6087.4,1553,6087.4,1,6089.0,1
2023-05-18 10:19:46,6087.4,1553,6087.4,1,6089.8,2
2023-05-18 10:19:47,6087.4,1553,6087.6,1,6089.4,1
2023-05-18 10:19:47,6087.4,1553,6087.4,1,6089.4,1
2023-05-18 10:19:48,6087.4,1553,6087.4,1,6089.2,1
2023-05-18 10:19:48,6087.4,1553,6087.4,1,6089.4,1
2023-05-18 10:19:50,6087.4,1554,6087.8,2,6089.4,1
2023-05-18 10:19:50,6087.4,1554,6087.8,2,6089.8,2
2023-05-18 10:19:51,6087.4,1554,6087.8,1,6089.4,1
2023-05-18 10:19:51,6087.4,1554,6087.8,1,6089.4,1
2023-05-18 10:19:53,6087.4,1554,6088.0,1,6089.6,1
2023-05-18 10:19:53,6087.4,1554,6088.2,1,6089.6,1
2023-05-18 10:19:54,6087.4,1554,6088.0,1,6089.6,1
2023-05-18 10:19:56,6087.4,1554,6087.8,1,6089.6,1
2023-05-18 10:19:56,6087.4,1554,6087.8,1,6089.4,2
2023-05-18 10:19:57,6087.4,1554,6087.4,1,6089.4,2
2023-05-18 10:20:02,6087.4,1554,6087.6,2,6089.4,2
2023-05-18 10:20:02,6087.4,1554,6087.4,1,6089.2,1
2023-05-18 10:20:03,6087.4,1554,6087.4,1,6089.0,2
2023-05-18 10:20:04,6087.4,1554,6087.4,1,6088.8,1
2023-05-18 10:20:04,6087.4,1554,6087.4,1,6088.8,1
2023-05-18 10:20:05,6087.4,1555,6086.2,1,6088.6,1
2023-05-18 10:20:06,6087.4,1555,6086.0,2,6088.2,2
2023-05-18 10:20:06,6086.0,1557,6084.0,1,6088.0,1
2023-05-18 10:20:07,6086.0,1557,6085.2,2,6087.6,1
2023-05-18 10:20:07,6086.0,1557,6085.4,1,6086.8,1
2023-05-18 10:20:08,6086.0,1557,6085.2,1,6086.6,1
2023-05-18 10:20:08,6086.0,1557,6085.2,1,6086.8,1
2023-05-18 10:20:09,6086.0,1557,6085.2,1,6086.6,2
2023-05-18 10:20:09,6086.0,1557,6085.2,1,6086.6,2
2023-05-18 10:20:10,6086.6,1558,6085.2,1,6086.6,1
2023-05-18 10:20:10,6086.6,1559,6085.6,1,6087.4,1
2023-05-18 10:20:11,6086.6,1559,6085.8,1,6087.2,2
2023-05-18 10:20:11,6086.6,1559,6085.8,1,6087.2,2
2023-05-18 10:20:12,6086.6,1559,6085.4,2,6087.2,2
2023-05-18 10:20:12,6086.6,1559,6086.0,1,6087.2,2
2023-05-18 10:20:13,6086.6,1559,6086.0,1,6087.2,2
2023-05-18 10:20:13,6086.6,1559,6086.2,1,6087.2,2
2023-05-18 10:20:14,6086.6,1559,6086.4,1,6087.8,1
2023-05-18 10:20:14,6086.6,1559,6086.6,1,6087.8,1
2023-05-18 10:20:15,6086.6,1559,6086.8,1,6088.0,2
2023-05-18 10:20:15,6086.6,1559,6086.0,1,6087.8,1
2023-05-18 10:20:16,6086.6,1559,6086.2,1,6087.8,1
2023-05-18 10:20:16,6086.6,1559,6086.0,1,6087.8,1
2023-05-18 10:20:17,6086.6,1559,6085.4,2,6087.4,1
2023-05-18 10:20:17,6086.6,1559,6085.6,1,6087.4,1
2023-05-18 10:20:18,6086.6,1559,6086.0,1,6087.8,1
2023-05-18 10:20:18,6086.6,1559,6086.0,1,6087.6,1
2023-05-18 10:20:19,6086.6,1559,6085.8,1,6087.4,1
2023-05-18 10:20:19,6086.6,1559,6085.6,1,6087.2,2
2023-05-18 10:20:20,6086.6,1559,6086.0,1,6087.2,2
2023-05-18 10:20:20,6086.6,1559,6085.6,1,6087.2,1
2023-05-18 10:20:21,6086.6,1559,6086.0,1,6087.4,1
2023-05-18 10:20:21,6086.6,1559,6085.6,1,6087.4,1
2023-05-18 10:20:23,6086.6,1559,6085.6,1,6087.2,1
2023-05-18 10:20:24,6086.6,1559,6085.6,1,6087.0,1
2023-05-18 10:20:24,6086.6,1559,6085.6,1,6086.8,1
2023-05-18 10:20:26,6086.6,1559,6085.6,1,6086.8,1
2023-05-18 10:20:26,6086.6,1559,6085.6,1,6087.4,1
2023-05-18 10:20:27,6086.6,1559,6085.8,1,6087.4,1
2023-05-18 10:20:31,6086.6,1559,6085.6,1,6087.2,1
2023-05-18 10:20:32,6086.6,1559,6085.6,1,6087.0,1
2023-05-18 10:20:33,6086.6,1559,6085.6,1,6087.0,1
2023-05-18 10:20:33,6086.6,1559,6085.6,1,6087.4,1
2023-05-18 10:20:34,6086.6,1559,6086.0,1,6087.4,1
2023-05-18 10:20:35,6086.6,1559,6085.6,1,6087.8,1
2023-05-18 10:20:35,6086.6,1559,6085.6,1,6087.4,1
2023-05-18 10:20:36,6085.6,1560,6085.4,1,6087.0,1
2023-05-18 10:20:36,6085.6,1560,6085.2,1,6086.6,1
2023-05-18 10:20:37,6085.6,1560,6085.2,1,6086.6,1
2023-05-18 10:20:37,6085.6,1560,6085.2,1,6086.8,1
2023-05-18 10:20:38,6085.6,1560,6085.8,1,6087.0,1
2023-05-18 10:20:39,6085.6,1560,6085.4,1,6086.6,1
2023-05-18 10:20:39,6085.6,1560,6084.0,1,6086.6,1
2023-05-18 10:20:40,6085.6,1560,6085.0,1,6086.4,1
2023-05-18 10:20:40,6085.6,1560,6085.2,1,6086.8,1
2023-05-18 10:20:43,6085.6,1560,6084.8,1,6086.6,1
2023-05-18 10:20:44,6085.6,1560,6085.0,1,6086.6,1
2023-05-18 10:20:46,6085.6,1560,6085.2,1,6086.8,1
2023-05-18 10:20:46,6085.6,1560,6085.4,1,6086.8,1
2023-05-18 10:20:47,6085.6,1560,6085.4,1,6086.8,1
2023-05-18 10:20:49,6085.6,1560,6085.0,1,6086.8,1
2023-05-18 10:20:49,6085.6,1560,6085.4,1,6086.6,1
2023-05-18 10:20:50,6085.6,1560,6085.0,1,6086.8,1
2023-05-18 10:20:50,6085.6,1560,6085.0,1,6086.6,1
2023-05-18 10:20:51,6085.6,1560,6084.0,1,6086.6,1
2023-05-18 10:20:51,6085.6,1560,6084.6,1,6086.4,1
2023-05-18 10:20:52,6085.6,1560,6084.8,1,6086.6,1
2023-05-18 10:20:55,6085.6,1560,6084.8,1,6086.6,1
2023-05-18 10:20:55,6085.6,1560,6084.8,1,6086.6,1
2023-05-18 10:20:56,6085.6,1560,6085.0,1,6086.4,2
2023-05-18 10:20:56,6085.6,1560,6085.0,1,6086.0,2
2023-05-18 10:20:57,6085.6,1560,6085.0,1,6086.0,1
2023-05-18 10:20:57,6085.6,1560,6085.0,1,6086.6,1
2023-05-18 10:20:58,6085.6,1560,6085.0,1,6086.2,1
2023-05-18 10:20:58,6085.6,1560,6085.0,1,6086.2,1
2023-05-18 10:20:59,6085.6,1560,6085.0,1,6086.4,1
2023-05-18 10:20:59,6085.6,1560,6085.0,1,6086.8,3
2023-05-18 10:21:00,6085.6,1560,6085.0,1,6086.6,1
2023-05-18 10:21:01,6085.6,1560,6085.0,1,6086.4,1
2023-05-18 10:21:05,6085.6,1560,6085.0,1,6086.2,1
2023-05-18 10:21:06,6085.0,1561,6084.2,1,6085.8,1
2023-05-18 10:21:06,6085.0,1561,6084.4,1,6085.4,1
2023-05-18 10:21:07,6085.0,1561,6084.4,1,6085.4,1
2023-05-18 10:21:07,6085.4,1562,6084.4,1,6085.8,1
2023-05-18 10:21:08,6085.4,1562,6084.4,1,6085.6,2
2023-05-18 10:21:08,6085.4,1562,6084.4,1,6085.4,1
2023-05-18 10:21:09,6085.4,1562,6084.4,1,6085.6,2
2023-05-18 10:21:11,6084.4,1563,6083.6,1,6085.0,1
2023-05-18 10:21:11,6084.4,1563,6083.6,1,6085.0,1
2023-05-18 10:21:12,6084.8,1564,6083.8,1,6085.0,1
2023-05-18 10:21:14,6083.8,1565,6082.8,1,6085.0,1
2023-05-18 10:21:15,6083.8,1565,6083.4,1,6085.0,1
2023-05-18 10:21:15,6083.8,1565,6083.0,2,6085.0,1
2023-05-18 10:21:17,6083.8,1565,6083.0,2,6085.0,1
2023-05-18 10:21:17,6083.8,1565,6083.4,1,6084.4,1
2023-05-18 10:21:18,6083.0,1566,6083.0,1,6085.0,2
2023-05-18 10:21:18,6083.0,1566,6081.6,1,6084.4,1
2023-05-18 10:21:19,6083.0,1566,6082.8,1,6084.2,1
2023-05-18 10:21:19,6083.0,1566,6083.2,1,6084.8,1
2023-05-18 10:21:20,6083.0,1566,6083.2,1,6085.0,2
2023-05-18 10:21:20,6083.0,1566,6083.2,1,6084.8,2
2023-05-18 10:21:21,6083.0,1566,6082.8,1,6084.8,2
2023-05-18 10:21:21,6082.8,1567,6082.6,1,6084.4,1
2023-05-18 10:21:22,6082.8,1567,6082.0,1,6082.6,1
2023-05-18 10:21:22,6082.6,1568,6082.4,1,6084.4,1
2023-05-18 10:21:23,6082.6,1568,6082.4,1,6084.2,2
2023-05-18 10:21:24,6082.6,1568,6082.4,1,6084.2,2
2023-05-18 10:21:25,6082.6,1568,6082.2,1,6084.2,2
2023-05-18 10:21:25,6082.6,1568,6082.2,1,6084.0,2
2023-05-18 10:21:26,6084.0,1569,6082.0,1,6084.0,1
2023-05-18 10:21:27,6084.0,1569,6082.2,1,6084.2,2
2023-05-18 10:21:27,6084.0,1569,6082.2,1,6084.2,2
2023-05-18 10:21:28,6084.0,1569,6082.2,1,6084.0,1
2023-05-18 10:21:28,6084.0,1569,6082.2,1,6084.0,1
2023-05-18 10:21:30,6084.0,1569,6082.2,1,6084.2,2
2023-05-18 10:21:31,6084.0,1569,6082.2,1,6084.0,1
2023-05-18 10:21:31,6084.0,1569,6082.4,1,6084.0,1
2023-05-18 10:21:32,6084.0,1569,6082.6,1,6084.0,1
2023-05-18 10:21:32,6084.0,1569,6082.6,1,6084.2,2
2023-05-18 10:21:33,6084.0,1569,6082.4,1,6084.2,2
2023-05-18 10:21:34,6084.2,1570,6082.2,1,6084.2,1
2023-05-18 10:21:35,6084.2,1570,6082.2,1,6084.0,2
2023-05-18 10:21:36,6084.2,1570,6082.2,1,6083.4,1
2023-05-18 10:21:36,6084.2,1570,6081.0,6,6083.2,1
2023-05-18 10:21:37,6084.2,1570,6081.2,4,6083.4,1
2023-05-18 10:21:37,6084.2,1570,6081.2,5,6083.8,2
2023-05-18 10:21:38,6084.2,1570,6081.2,1,6083.0,1
2023-05-18 10:21:38,6084.2,1570,6081.4,1,6082.8,1
2023-05-18 10:21:39,6084.2,1570,6081.2,1,6082.6,1
2023-05-18 10:21:39,6084.2,1570,6081.0,6,6082.8,3
2023-05-18 10:21:40,6084.2,1570,6081.2,1,6082.6,1
2023-05-18 10:21:40,6084.2,1570,6081.0,6,6082.6,1
2023-05-18 10:21:41,6084.2,1570,6081.2,1,6082.6,1
2023-05-18 10:21:41,6083.2,1571,6081.0,6,6082.4,1
2023-05-18 10:21:42,6083.2,1571,6081.0,6,6082.2,2
2023-05-18 10:21:42,6083.2,1571,6081.0,6,6082.0,1
2023-05-18 10:21:43,6083.2,1571,6081.2,2,6082.4,1
2023-05-18 10:21:43,6082.4,1572,6081.4,1,6082.6,1
2023-05-18 10:21:44,6082.4,1572,6081.4,1,6082.6,1
2023-05-18 10:21:44,6082.4,1572,6081.2,2,6082.6,1
2023-05-18 10:21:45,6082.4,1572,6081.0,6,6082.6,1
2023-05-18 10:21:46,6082.4,1572,6081.0,6,6082.4,1
2023-05-18 10:21:46,6082.4,1572,6081.0,6,6082.2,1
2023-05-18 10:21:48,6082.4,1572,6081.0,6,6082.2,2
2023-05-18 10:21:48,6082.4,1572,6081.0,6,6081.8,1
2023-05-18 10:21:49,6081.0,1577,6081.0,1,6081.8,1
2023-05-18 10:21:50,6081.0,1578,6080.6,1,6081.8,1
2023-05-18 10:21:53,6081.0,1578,6080.6,1,6081.8,1
2023-05-18 10:21:55,6081.0,1578,6080.8,1,6082.2,2
2023-05-18 10:21:57,6081.0,1578,6080.6,1,6082.2,2
2023-05-18 10:21:57,6081.0,1578,6080.6,1,6081.8,1
2023-05-18 10:21:58,6081.0,1578,6080.8,1,6082.0,1
2023-05-18 10:21:58,6081.0,1578,6080.8,1,6082.2,2
2023-05-18 10:21:59,6081.0,1578,6080.6,1,6081.4,1
2023-05-18 10:21:59,6081.4,1579,6080.8,1,6082.2,2
2023-05-18 10:22:00,6081.4,1579,6081.2,1,6082.2,1
2023-05-18 10:22:00,6082.2,1580,6081.2,1,6082.4,2
2023-05-18 10:22:01,6082.4,1582,6081.4,1,6082.6,1
2023-05-18 10:22:01,6082.6,1583,6081.8,1,6083.0,1
2023-05-18 10:22:02,6082.6,1583,6082.0,1,6083.0,1
2023-05-18 10:22:03,6082.6,1583,6081.8,1,6083.0,1
2023-05-18 10:22:03,6082.6,1583,6081.4,1,6083.0,1
2023-05-18 10:22:04,6082.6,1583,6081.6,1,6083.0,1
2023-05-18 10:22:04,6082.6,1583,6081.8,1,6083.0,1
2023-05-18 10:22:05,6082.6,1583,6082.0,1,6083.0,1
2023-05-18 10:22:06,6082.6,1583,6082.0,1,6083.0,1
2023-05-18 10:22:06,6082.6,1583,6082.0,1,6083.0,1
2023-05-18 10:22:07,6082.6,1583,6082.2,1,6083.0,1
2023-05-18 10:22:07,6082.6,1583,6082.4,1,6083.0,1
2023-05-18 10:22:08,6082.4,1585,6082.2,1,6084.4,1
2023-05-18 10:22:08,6082.4,1585,6082.2,1,6084.2,1
2023-05-18 10:22:09,6082.4,1585,6082.2,1,6084.0,1
2023-05-18 10:22:09,6082.4,1585,6082.2,1,6083.8,1
2023-05-18 10:22:10,6082.4,1585,6082.2,1,6083.4,1
2023-05-18 10:22:10,6082.4,1585,6081.8,1,6083.2,1
2023-05-18 10:22:13,6082.4,1585,6081.8,1,6083.2,1
2023-05-18 10:22:14,6082.4,1585,6081.8,1,6084.0,1
2023-05-18 10:22:14,6082.4,1585,6081.8,1,6083.6,1
2023-05-18 10:22:15,6082.4,1585,6082.2,1,6083.6,1
2023-05-18 10:22:16,6082.4,1585,6081.8,1,6083.6,1
2023-05-18 10:22:17,6082.4,1585,6082.2,1,6083.6,1
2023-05-18 10:22:17,6082.4,1585,6081.8,1,6084.0,1
2023-05-18 10:22:18,6082.4,1585,6081.8,1,6083.8,2
2023-05-18 10:22:18,6082.4,1585,6082.0,1,6083.6,1
2023-05-18 10:22:19,6082.4,1585,6081.8,1,6083.2,1
2023-05-18 10:22:20,6082.4,1585,6081.0,2,6083.2,1
2023-05-18 10:22:20,6082.4,1585,6081.4,1,6083.2,1
2023-05-18 10:22:21,6082.4,1585,6081.6,1,6083.2,1
2023-05-18 10:22:21,6082.4,1585,6081.8,1,6083.0,1
2023-05-18 10:22:22,6082.4,1585,6081.6,1,6083.4,1
2023-05-18 10:22:22,6082.4,1585,6081.8,1,6083.4,1
2023-05-18 10:22:23,6082.4,1585,6081.8,1,6083.6,1
2023-05-18 10:22:23,6082.4,1585,6082.0,1,6083.6,1
2023-05-18 10:22:24,6082.4,1585,6081.8,1,6083.6,1
2023-05-18 10:22:25,6082.4,1585,6081.8,1,6083.6,1
2023-05-18 10:22:28,6082.4,1585,6081.8,1,6084.0,1
2023-05-18 10:22:28,6082.4,1585,6082.2,2,6084.0,1
2023-05-18 10:22:29,6082.4,1585,6082.4,1,6084.0,1
2023-05-18 10:22:29,6082.4,1585,6082.6,1,6084.2,2
2023-05-18 10:22:30,6082.4,1585,6082.8,1,6084.2,2
2023-05-18 10:22:30,6082.4,1585,6082.8,1,6084.2,2
2023-05-18 10:22:31,6082.4,1585,6082.8,1,6085.6,1
2023-05-18 10:22:31,6082.4,1585,6082.8,1,6085.0,1
2023-05-18 10:22:32,6082.4,1585,6082.8,1,6084.8,2
2023-05-18 10:22:33,6082.4,1585,6083.0,1,6084.8,1
2023-05-18 10:22:33,6082.4,1585,6083.2,2,6084.8,1
2023-05-18 10:22:34,6082.4,1585,6083.2,1,6084.6,1
2023-05-18 10:22:35,6082.4,1585,6082.8,1,6084.6,2
2023-05-18 10:22:36,6082.4,1585,6083.0,1,6084.6,2
2023-05-18 10:22:37,6082.4,1585,6081.4,1,6084.4,1
2023-05-18 10:22:37,6082.4,1585,6082.4,1,6084.2,2
2023-05-18 10:22:38,6082.4,1585,6082.4,1,6084.2,2
2023-05-18 10:22:39,6082.4,1585,6081.8,1,6084.2,2
2023-05-18 10:22:39,6082.4,1585,6082.2,1,6084.2,2
2023-05-18 10:22:40,6082.4,1585,6082.4,1,6084.2,1
2023-05-18 10:22:44,6082.4,1585,6082.6,1,6084.2,1
2023-05-18 10:22:45,6082.4,1585,6082.6,1,6084.2,1
2023-05-18 10:22:46,6082.4,1585,6082.6,1,6084.2,1
2023-05-18 10:22:46,6082.4,1585,6082.4,1,6084.2,1
2023-05-18 10:22:47,6082.4,1585,6082.6,1,6084.2,1
2023-05-18 10:22:50,6082.4,1585,6082.4,1,6084.2,1
2023-05-18 10:22:50,6082.4,1585,6082.6,1,6084.2,1
2023-05-18 10:22:52,6082.4,1585,6082.4,1,6084.2,1
2023-05-18 10:22:53,6082.4,1585,6082.6,1,6084.0,2
2023-05-18 10:22:54,6082.4,1586,6082.4,1,6084.0,2
2023-05-18 10:22:54,6082.4,1586,6082.0,1,6084.0,2
2023-05-18 10:22:56,6082.4,1586,6082.4,1,6084.0,2
2023-05-18 10:23:00,6082.4,1586,6082.0,1,6084.0,2
2023-05-18 10:23:00,6082.4,1586,6082.0,1,6083.8,1
2023-05-18 10:23:01,6082.4,1586,6082.4,1,6083.8,1
2023-05-18 10:23:02,6082.4,1586,6082.4,1,6084.0,2
2023-05-18 10:23:02,6082.4,1586,6082.8,1,6084.0,1
2023-05-18 10:23:03,6082.4,1586,6082.8,1,6084.2,1
2023-05-18 10:23:04,6082.4,1586,6083.2,1,6084.2,1
2023-05-18 10:23:04,6084.2,1587,6083.4,1,6084.6,1
2023-05-18 10:23:05,6084.2,1587,6084.2,1,6084.6,1
2023-05-18 10:23:05,6084.2,1587,6084.2,1,6084.6,1
2023-05-18 10:23:06,6084.2,1587,6083.6,1,6084.6,1
2023-05-18 10:23:07,6084.2,1587,6084.2,1,6084.6,1
2023-05-18 10:23:07,6084.2,1587,6083.6,1,6084.6,1
2023-05-18 10:23:08,6084.2,1587,6083.6,1,6084.4,1
2023-05-18 10:23:08,6084.2,1587,6083.6,1,6084.6,1
2023-05-18 10:23:09,6084.2,1587,6083.6,1,6084.4,1
2023-05-18 10:23:10,6084.2,1587,6083.6,1,6084.6,1
2023-05-18 10:23:11,6084.2,1587,6083.6,1,6084.6,1
2023-05-18 10:23:12,6084.2,1587,6083.6,1,6084.4,1
2023-05-18 10:23:13,6084.2,1587,6083.6,1,6084.6,1
2023-05-18 10:23:14,6084.6,1588,6084.0,1,6084.4,1
2023-05-18 10:23:14,6084.4,1589,6084.6,1,6085.6,1
2023-05-18 10:23:15,6084.4,1589,6084.6,1,6085.4,1
2023-05-18 10:23:15,6084.4,1589,6083.8,1,6085.4,1
2023-05-18 10:23:17,6084.4,1589,6083.8,1,6085.2,2
2023-05-18 10:23:17,6084.4,1589,6083.8,1,6085.2,2
2023-05-18 10:23:18,6084.4,1589,6083.6,1,6085.2,2
2023-05-18 10:23:18,6084.4,1589,6083.6,1,6085.0,1
2023-05-18 10:23:19,6084.4,1589,6083.6,1,6085.2,2
2023-05-18 10:23:22,6084.4,1589,6084.4,1,6085.2,2
2023-05-18 10:23:22,6084.4,1589,6083.6,1,6085.4,1
2023-05-18 10:23:23,6084.4,1589,6083.6,1,6085.2,1
2023-05-18 10:23:23,6084.4,1589,6083.6,1,6085.2,2
2023-05-18 10:23:24,6084.4,1589,6083.6,1,6085.0,1
2023-05-18 10:23:26,6085.0,1590,6083.6,1,6085.2,2
2023-05-18 10:23:27,6085.0,1590,6084.2,1,6085.2,1
2023-05-18 10:23:27,6085.0,1590,6084.4,1,6085.6,1
2023-05-18 10:23:28,6085.0,1590,6084.4,1,6085.8,2
2023-05-18 10:23:28,6085.0,1590,6084.4,1,6088.0,1
2023-05-18 10:23:29,6085.0,1590,6084.6,1,6087.4,1
2023-05-18 10:23:29,6085.0,1590,6084.6,1,6087.0,2
2023-05-18 10:23:30,6085.0,1590,6084.6,1,6086.8,2
2023-05-18 10:23:30,6085.0,1590,6084.6,1,6086.6,1
2023-05-18 10:23:31,6085.0,1590,6084.6,1,6084.8,1
2023-05-18 10:23:31,6084.8,1591,6084.8,4,6086.4,1
2023-05-18 10:23:32,6084.8,1591,6084.8,1,6086.4,1
2023-05-18 10:23:32,6084.8,1591,6084.2,1,6086.2,1
2023-05-18 10:23:33,6084.8,1591,6084.4,1,6086.2,1
2023-05-18 10:23:33,6084.8,1591,6084.6,1,6086.2,1
2023-05-18 10:23:34,6084.8,1591,6084.6,1,6086.2,1
2023-05-18 10:23:35,6084.8,1591,6084.4,1,6086.2,1
2023-05-18 10:23:35,6084.8,1591,6083.8,1,6086.2,1
2023-05-18 10:23:36,6084.8,1591,6084.4,1,6086.2,1
2023-05-18 10:23:36,6084.8,1591,6084.4,1,6086.0,1
2023-05-18 10:23:37,6084.8,1591,6084.4,1,6085.8,1
2023-05-18 10:23:37,6085.8,1592,6084.0,2,6086.0,1
2023-05-18 10:23:38,6085.8,1592,6084.2,1,6086.0,1
2023-05-18 10:23:40,6084.2,1593,6084.0,1,6085.8,1
2023-05-18 10:23:40,6084.2,1593,6082.4,1,6085.8,1
2023-05-18 10:23:41,6084.2,1593,6082.6,1,6085.0,1
2023-05-18 10:23:41,6084.2,1593,6083.0,1,6085.0,1
2023-05-18 10:23:42,6084.2,1593,6083.0,1,6084.8,2
2023-05-18 10:23:42,6084.2,1593,6083.0,1,6084.8,2
2023-05-18 10:23:43,6084.2,1593,6083.0,1,6084.8,3
2023-05-18 10:23:45,6084.2,1593,6083.0,1,6084.8,3
2023-05-18 10:23:46,6084.2,1593,6083.0,1,6084.8,3
2023-05-18 10:23:47,6084.2,1593,6084.4,1,6084.8,3
2023-05-18 10:23:47,6084.8,1595,6083.2,1,6084.8,1
2023-05-18 10:23:48,6084.8,1595,6083.6,2,6084.8,1
2023-05-18 10:23:48,6084.8,1595,6083.6,2,6084.8,1
2023-05-18 10:23:49,6084.8,1595,6082.8,2,6084.8,1
2023-05-18 10:23:49,6084.8,1595,6083.0,1,6084.8,1
2023-05-18 10:23:52,6084.8,1595,6083.4,1,6084.8,1
2023-05-18 10:23:54,6084.8,1595,6083.0,1,6084.8,1
2023-05-18 10:23:54,6084.8,1595,6083.2,1,6084.8,1
2023-05-18 10:23:55,6084.8,1595,6082.8,2,6084.8,1
2023-05-18 10:23:55,6084.8,1595,6082.8,2,6084.8,1
2023-05-18 10:23:56,6084.8,1595,6083.0,1,6084.8,1
2023-05-18 10:23:56,6084.8,1595,6083.0,1,6084.8,1
2023-05-18 10:23:57,6084.8,1595,6082.8,1,6084.6,1
2023-05-18 10:23:57,6084.8,1595,6082.6,1,6084.4,1
2023-05-18 10:23:58,6084.8,1595,6082.6,1,6083.2,1
2023-05-18 10:23:58,6084.8,1595,6082.0,1,6083.2,1
2023-05-18 10:23:59,6084.0,1597,6082.0,1,6084.0,1
2023-05-18 10:24:00,6084.0,1597,6082.2,1,6083.8,2
2023-05-18 10:24:00,6084.0,1597,6082.2,1,6083.8,1
2023-05-18 10:24:01,6084.0,1597,6082.6,1,6084.0,2
2023-05-18 10:24:01,6084.0,1597,6082.8,1,6084.0,2
2023-05-18 10:24:02,6084.0,1597,6082.6,1,6084.0,2
2023-05-18 10:24:03,6084.0,1597,6082.4,1,6084.0,2
2023-05-18 10:24:05,6084.0,1597,6082.6,1,6084.0,2
2023-05-18 10:24:06,6082.6,1598,6082.4,1,6084.0,2
2023-05-18 10:24:06,6082.6,1598,6082.0,1,6083.8,2
2023-05-18 10:24:07,6082.0,1599,6081.2,1,6083.4,2
2023-05-18 10:24:07,6082.0,1599,6080.6,1,6083.2,2
2023-05-18 10:24:08,6082.0,1599,6080.6,1,6082.8,1
2023-05-18 10:24:08,6082.0,1599,6080.8,2,6082.6,1
2023-05-18 10:24:09,6082.0,1599,6081.2,1,6083.2,1
2023-05-18 10:24:09,6082.0,1599,6081.8,1,6082.4,2
2023-05-18 10:24:10,6082.4,1601,6082.0,1,6083.2,2
2023-05-18 10:24:10,6082.4,1601,6082.4,1,6083.0,2
2023-05-18 10:24:11,6082.4,1602,6081.4,1,6083.0,2
2023-05-18 10:24:11,6082.4,1602,6081.4,1,6082.8,1
2023-05-18 10:24:12,6082.4,1602,6080.8,2,6082.8,1
2023-05-18 10:24:12,6082.4,1602,6081.0,1,6082.6,1
2023-05-18 10:24:13,6082.4,1602,6081.0,1,6082.6,1
2023-05-18 10:24:14,6082.4,1602,6081.2,1,6083.0,2
2023-05-18 10:24:14,6082.4,1602,6082.0,1,6083.0,2
2023-05-18 10:24:16,6082.4,1602,6082.0,1,6083.2,1
2023-05-18 10:24:18,6082.4,1602,6082.0,1,6083.2,1
2023-05-18 10:24:19,6082.4,1602,6081.2,1,6083.2,1
2023-05-18 10:24:19,6082.4,1602,6081.8,1,6083.2,1
2023-05-18 10:24:26,6081.8,1603,6081.4,1,6083.2,1
2023-05-18 10:24:26,6081.8,1603,6081.6,1,6083.0,1
2023-05-18 10:24:27,6081.6,1604,6081.4,1,6081.6,3
2023-05-18 10:24:28,6081.4,1605,6081.0,1,6081.6,3
2023-05-18 10:24:29,6081.4,1605,6081.0,1,6081.6,3
2023-05-18 10:24:29,6081.4,1605,6081.0,1,6081.6,3
2023-05-18 10:24:30,6081.6,1608,6081.0,1,6083.2,1
2023-05-18 10:24:30,6081.6,1608,6081.0,1,6083.0,2
2023-05-18 10:24:31,6081.6,1608,6081.2,1,6083.0,1
2023-05-18 10:24:32,6081.6,1608,6081.2,1,6083.0,2
2023-05-18 10:24:32,6083.0,1609,6081.2,1,6083.0,1
2023-05-18 10:24:33,6083.0,1609,6081.2,1,6083.0,1
2023-05-18 10:24:38,6083.0,1609,6081.2,1,6082.8,1
2023-05-18 10:24:39,6083.0,1609,6081.2,1,6082.6,1
2023-05-18 10:24:40,6083.0,1609,6081.2,1,6082.6,1
2023-05-18 10:24:40,6083.0,1609,6081.2,1,6082.6,1
2023-05-18 10:24:41,6083.0,1609,6081.2,1,6082.6,1
2023-05-18 10:24:42,6083.0,1609,6081.6,1,6082.6,1
2023-05-18 10:24:42,6083.0,1609,6081.8,3,6082.6,1
2023-05-18 10:24:43,6083.0,1609,6081.8,3,6082.6,1
2023-05-18 10:24:43,6083.0,1609,6081.8,2,6082.6,1
2023-05-18 10:24:44,6083.0,1609,6081.8,1,6082.6,1
2023-05-18 10:24:44,6083.0,1609,6081.4,2,6082.6,1
2023-05-18 10:24:45,6083.0,1609,6081.6,1,6082.6,1
2023-05-18 10:24:46,6082.6,1610,6081.4,2,6083.0,1
2023-05-18 10:24:46,6083.0,1611,6083.0,1,6083.2,1
2023-05-18 10:24:47,6083.2,1612,6082.0,1,6085.8,1
2023-05-18 10:24:47,6083.2,1612,6082.2,2,6084.6,1
2023-05-18 10:24:48,6083.2,1612,6082.4,1,6084.6,1
2023-05-18 10:24:48,6083.2,1612,6082.4,1,6084.4,1
2023-05-18 10:24:49,6083.2,1612,6082.4,1,6084.2,1
2023-05-18 10:24:49,6083.2,1612,6082.4,1,6084.2,1
2023-05-18 10:24:50,6083.2,1612,6082.4,1,6084.2,1
2023-05-18 10:24:51,6083.2,1612,6082.0,1,6083.8,1
2023-05-18 10:24:51,6083.2,1612,6081.6,1,6083.8,1
2023-05-18 10:24:52,6083.2,1612,6082.0,2,6083.8,1
2023-05-18 10:24:52,6083.2,1612,6082.0,1,6084.0,1
2023-05-18 10:24:53,6083.2,1612,6082.0,1,6083.8,1
2023-05-18 10:24:54,6083.2,1612,6082.0,1,6084.0,1
2023-05-18 10:24:54,6083.2,1612,6082.0,1,6083.8,1
2023-05-18 10:24:55,6083.2,1612,6082.0,1,6083.8,1
2023-05-18 10:24:56,6083.2,1612,6082.0,2,6083.8,1
2023-05-18 10:24:57,6083.2,1612,6082.0,2,6084.0,1
2023-05-18 10:24:58,6083.2,1612,6082.4,2,6084.0,1
2023-05-18 10:24:59,6083.2,1612,6082.0,2,6084.0,1
2023-05-18 10:24:59,6083.2,1612,6082.0,2,6083.8,1
2023-05-18 10:25:00,6083.2,1612,6082.2,1,6083.8,2
2023-05-18 10:25:00,6083.2,1612,6082.0,1,6083.4,1
2023-05-18 10:25:01,6083.2,1612,6082.0,1,6083.0,1
2023-05-18 10:25:01,6083.2,1612,6082.0,1,6082.8,1
2023-05-18 10:25:02,6082.0,1613,6081.2,1,6082.8,1
2023-05-18 10:25:02,6082.0,1613,6081.0,1,6082.4,1
2023-05-18 10:25:03,6082.0,1613,6081.0,1,6082.2,1
2023-05-18 10:25:04,6082.0,1613,6081.0,1,6082.2,1
2023-05-18 10:25:04,6081.0,1614,6080.6,1,6082.2,1
2023-05-18 10:25:05,6081.0,1614,6080.6,1,6081.8,1
2023-05-18 10:25:05,6080.6,1615,6080.0,5,6081.4,1
2023-05-18 10:25:06,6080.0,1616,6080.0,4,6081.4,1
2023-05-18 10:25:06,6081.4,1621,6079.2,1,6080.0,1
2023-05-18 10:25:07,6081.4,1621,6079.6,1,6080.0,1
2023-05-18 10:25:07,6081.4,1622,6079.6,1,6082.0,1
2023-05-18 10:25:08,6081.4,1622,6079.8,1,6081.2,2
2023-05-18 10:25:08,6081.4,1622,6079.8,1,6081.2,1
2023-05-18 10:25:09,6081.4,1622,6079.8,1,6081.2,1
2023-05-18 10:25:09,6081.4,1622,6080.0,2,6081.8,2
2023-05-18 10:25:10,6081.4,1622,6080.2,1,6081.6,2
2023-05-18 10:25:10,6081.4,1622,6080.2,1,6081.8,2
2023-05-18 10:25:11,6081.4,1622,6080.4,2,6083.2,1
2023-05-18 10:25:11,6081.4,1622,6080.8,1,6082.8,2
2023-05-18 10:25:12,6080.8,1623,6080.4,2,6082.8,1
2023-05-18 10:25:12,6080.8,1623,6080.6,1,6082.6,1
2023-05-18 10:25:13,6080.8,1623,6080.8,2,6083.0,3
2023-05-18 10:25:13,6080.8,1623,6081.6,1,6083.0,2
2023-05-18 10:25:14,6080.8,1623,6081.6,1,6083.0,2
2023-05-18 10:25:14,6080.8,1623,6081.6,1,6083.6,1
2023-05-18 10:25:15,6080.8,1623,6081.2,1,6083.2,1
2023-05-18 10:25:15,6080.8,1623,6082.2,1,6083.2,2
2023-05-18 10:25:16,6080.8,1623,6081.0,1,6083.0,2
2023-05-18 10:25:16,6080.8,1623,6081.4,1,6082.8,1
2023-05-18 10:25:17,6080.8,1623,6081.4,1,6083.2,1
2023-05-18 10:25:17,6080.8,1623,6081.4,1,6083.2,1
2023-05-18 10:25:20,6080.8,1623,6081.6,1,6083.2,1
2023-05-18 10:25:20,6080.8,1623,6081.6,1,6083.2,1
2023-05-18 10:25:21,6080.8,1623,6081.6,1,6083.2,1
2023-05-18 10:25:22,6080.8,1623,6081.4,1,6083.2,1
2023-05-18 10:25:22,6080.8,1623,6081.4,1,6083.2,1
2023-05-18 10:25:23,6080.8,1623,6081.4,1,6083.2,1
2023-05-18 10:25:27,6080.8,1623,6082.0,1,6083.2,1
2023-05-18 10:25:27,6080.8,1623,6081.8,1,6083.2,1
2023-05-18 10:25:28,6080.8,1623,6081.8,1,6083.2,1
2023-05-18 10:25:29,6080.8,1623,6081.8,1,6083.2,1
2023-05-18 10:25:30,6080.8,1623,6081.8,1,6083.2,2
2023-05-18 10:25:30,6080.8,1623,6082.0,1,6083.2,2
2023-05-18 10:25:31,6081.4,1626,6081.2,2,6083.0,1
2023-05-18 10:25:32,6081.4,1626,6080.8,3,6082.6,2
2023-05-18 10:25:32,6081.4,1626,6080.8,3,6082.4,2
2023-05-18 10:25:33,6081.4,1626,6080.8,3,6082.2,2
2023-05-18 10:25:33,6081.4,1626,6080.8,3,6082.0,1
2023-05-18 10:25:34,6081.4,1626,6080.8,3,6082.0,1
2023-05-18 10:25:35,6081.4,1626,6081.0,1,6082.0,1
2023-05-18 10:25:35,6081.4,1626,6081.0,1,6082.8,1
2023-05-18 10:25:36,6081.4,1626,6081.2,1,6082.6,1
2023-05-18 10:25:36,6081.4,1626,6081.2,1,6083.0,1
2023-05-18 10:25:37,6081.4,1626,6080.8,3,6083.0,1
2023-05-18 10:25:37,6081.4,1626,6081.0,1,6082.6,2
2023-05-18 10:25:38,6081.4,1626,6081.0,1,6082.6,1
2023-05-18 10:25:38,6081.4,1626,6080.8,3,6082.6,1
2023-05-18 10:25:39,6081.4,1626,6081.0,2,6082.6,1
2023-05-18 10:25:39,6081.4,1626,6081.0,2,6082.8,1
2023-05-18 10:25:40,6081.4,1626,6081.0,2,6082.6,1
2023-05-18 10:25:41,6081.4,1626,6081.0,2,6082.6,1
2023-05-18 10:25:42,6081.4,1626,6081.2,1,6082.6,1
2023-05-18 10:25:42,6081.4,1626,6081.2,1,6083.0,2
2023-05-18 10:25:43,6081.4,1626,6081.0,2,6082.8,1
2023-05-18 10:25:44,6081.4,1626,6081.2,1,6082.8,1
2023-05-18 10:25:45,6081.4,1626,6081.2,1,6082.8,1
2023-05-18 10:25:45,6081.4,1626,6081.2,1,6082.8,2
2023-05-18 10:25:46,6081.4,1626,6081.2,1,6082.4,1
2023-05-18 10:25:46,6081.4,1626,6080.8,3,6082.2,1
2023-05-18 10:25:47,6081.4,1626,6080.8,3,6082.4,1
2023-05-18 10:25:47,6081.4,1626,6080.8,3,6082.2,1
2023-05-18 10:25:48,6081.4,1626,6080.8,3,6082.2,1
2023-05-18 10:25:48,6081.4,1626,6081.0,1,6082.2,1
2023-05-18 10:25:49,6081.4,1626,6081.0,1,6082.4,1
2023-05-18 10:25:50,6081.4,1626,6080.8,3,6082.4,1
2023-05-18 10:25:51,6081.4,1626,6080.8,3,6082.0,1
2023-05-18 10:25:51,6080.8,1629,6079.2,1,6081.8,1
2023-05-18 10:25:52,6080.8,1629,6079.4,4,6081.4,1
2023-05-18 10:25:52,6080.8,1629,6079.6,2,6081.4,1
2023-05-18 10:25:53,6080.8,1629,6079.6,2,6081.4,1
2023-05-18 10:25:54,6080.8,1629,6080.0,1,6082.2,1
2023-05-18 10:25:54,6080.8,1629,6079.8,1,6081.8,1
2023-05-18 10:25:57,6080.8,1629,6079.6,2,6081.8,1
2023-05-18 10:25:58,6079.8,1630,6079.6,2,6081.8,1
2023-05-18 10:25:58,6079.8,1630,6079.4,3,6081.8,1
2023-05-18 10:25:59,6079.8,1630,6079.4,3,6081.4,1
2023-05-18 10:25:59,6079.8,1630,6079.4,3,6081.2,1
2023-05-18 10:26:00,6079.8,1630,6079.6,1,6081.2,2
2023-05-18 10:26:02,6081.2,1631,6079.8,1,6081.2,1
2023-05-18 10:26:02,6081.2,1631,6080.2,1,6081.2,1
2023-05-18 10:26:03,6081.2,1631,6080.2,1,6081.2,1
2023-05-18 10:26:04,6081.2,1631,6079.8,1,6081.2,1
2023-05-18 10:26:07,6081.2,1631,6079.6,1,6081.2,1
2023-05-18 10:26:07,6081.2,1631,6079.8,1,6081.2,1
2023-05-18 10:26:08,6081.2,1631,6079.8,1,6081.2,1
2023-05-18 10:26:09,6081.2,1631,6079.8,1,6081.2,2
2023-05-18 10:26:09,6081.2,1631,6080.2,1,6081.2,2
2023-05-18 10:26:10,6081.2,1633,6080.4,1,6082.0,1
2023-05-18 10:26:10,6081.2,1633,6080.4,1,6082.4,1
2023-05-18 10:26:11,6081.2,1633,6080.6,2,6082.2,1
2023-05-18 10:26:11,6081.2,1633,6080.6,2,6082.6,2
2023-05-18 10:26:12,6081.2,1633,6080.2,1,6082.4,3
2023-05-18 10:26:12,6081.2,1633,6080.2,1,6082.2,2
2023-05-18 10:26:13,6081.2,1633,6080.2,1,6082.0,1
2023-05-18 10:26:14,6081.2,1633,6080.2,1,6082.2,2
2023-05-18 10:26:15,6081.2,1633,6080.2,1,6082.0,1
2023-05-18 10:26:15,6081.2,1633,6080.2,1,6082.0,2
2023-05-18 10:26:16,6081.2,1633,6080.2,1,6082.0,1
2023-05-18 10:26:20,6081.2,1633,6080.2,1,6081.6,1
2023-05-18 10:26:21,6081.2,1633,6080.2,1,6082.0,1
2023-05-18 10:26:25,6081.2,1633,6080.2,1,6081.6,1
2023-05-18 10:26:25,6081.2,1633,6080.2,1,6082.0,1
2023-05-18 10:26:27,6081.2,1633,6080.4,3,6082.0,1
2023-05-18 10:26:28,6081.2,1633,6080.4,2,6082.0,1
2023-05-18 10:26:28,6081.2,1633,6080.8,1,6082.0,1
2023-05-18 10:26:29,6081.2,1633,6080.8,1,6082.0,1
2023-05-18 10:26:29,6081.2,1633,6081.4,1,6082.0,1
2023-05-18 10:26:30,6081.2,1633,6080.2,2,6081.8,1
2023-05-18 10:26:30,6081.2,1633,6080.4,1,6081.8,1
2023-05-18 10:26:31,6081.2,1633,6080.2,2,6081.8,1
2023-05-18 10:26:32,6081.2,1633,6080.4,1,6081.8,1
2023-05-18 10:26:32,6081.2,1633,6080.2,2,6082.0,1
2023-05-18 10:26:33,6081.2,1633,6080.2,2,6081.8,1
2023-05-18 10:26:33,6081.2,1633,6080.4,1,6081.8,1
2023-05-18 10:26:34,6081.2,1633,6080.2,1,6081.8,1
2023-05-18 10:26:36,6081.2,1633,6080.4,1,6081.8,2
2023-05-18 10:26:36,6081.2,1633,6080.2,1,6081.8,2
2023-05-18 10:26:39,6081.2,1633,6080.4,1,6081.8,1
2023-05-18 10:26:39,6081.2,1633,6080.4,1,6081.8,1
2023-05-18 10:26:40,6081.2,1633,6080.4,1,6081.8,1
2023-05-18 10:26:41,6081.2,1633,6080.6,1,6081.8,1
2023-05-18 10:26:42,6081.2,1633,6080.6,1,6081.8,1
2023-05-18 10:26:44,6080.6,1634,6080.2,1,6081.8,1
2023-05-18 10:26:44,6080.6,1634,6080.2,1,6081.8,1
2023-05-18 10:26:45,6080.6,1634,6080.6,1,6081.8,1
2023-05-18 10:26:45,6080.6,1634,6080.6,1,6081.8,2
2023-05-18 10:26:48,6080.6,1634,6080.8,1,6081.8,2
2023-05-18 10:26:48,6081.8,1635,6080.8,1,6081.8,1
2023-05-18 10:26:49,6081.8,1635,6081.0,1,6081.8,1
2023-05-18 10:26:49,6081.8,1635,6081.0,1,6081.8,1
2023-05-18 10:26:50,6081.8,1635,6081.0,1,6081.8,1
2023-05-18 10:26:51,6081.8,1635,6081.0,1,6081.8,1
2023-05-18 10:26:51,6081.8,1635,6081.0,1,6081.8,1
2023-05-18 10:26:52,6081.8,1635,6081.2,1,6081.8,1
2023-05-18 10:26:52,6081.8,1636,6081.0,1,6083.6,1
2023-05-18 10:26:53,6081.8,1636,6081.2,2,6082.8,1
2023-05-18 10:26:53,6081.8,1636,6081.0,1,6083.2,2
2023-05-18 10:26:54,6081.8,1636,6081.2,1,6083.0,1
2023-05-18 10:26:54,6081.8,1636,6081.4,1,6082.8,1
2023-05-18 10:26:55,6081.8,1636,6081.4,1,6083.0,1
2023-05-18 10:26:55,6081.8,1636,6081.4,1,6083.0,1
2023-05-18 10:26:56,6081.8,1636,6081.2,1,6083.0,1
2023-05-18 10:26:56,6081.8,1636,6081.2,1,6082.8,1
2023-05-18 10:26:58,6081.8,1636,6081.2,1,6083.0,1
2023-05-18 10:27:00,6081.8,1636,6081.2,1,6082.6,1
2023-05-18 10:27:00,6081.8,1636,6081.2,1,6082.8,1
2023-05-18 10:27:01,6081.8,1636,6081.2,1,6083.0,1
2023-05-18 10:27:02,6081.8,1636,6081.4,1,6083.6,1
2023-05-18 10:27:02,6081.8,1636,6081.8,1,6083.6,1
2023-05-18 10:27:03,6081.8,1636,6082.0,1,6083.6,1
2023-05-18 10:27:03,6081.8,1636,6082.0,1,6084.8,1
2023-05-18 10:27:04,6081.8,1636,6082.0,1,6084.4,2
2023-05-18 10:27:04,6081.8,1636,6081.6,2,6084.2,2
2023-05-18 10:27:05,6081.8,1636,6081.8,2,6084.0,1
2023-05-18 10:27:05,6081.8,1636,6082.0,2,6084.0,1
2023-05-18 10:27:06,6081.8,1636,6082.0,1,6084.2,2
2023-05-18 10:27:06,6081.8,1636,6082.0,1,6084.0,1
2023-05-18 10:27:07,6081.8,1636,6082.0,1,6084.0,1
2023-05-18 10:27:07,6081.8,1636,6082.0,1,6084.0,1
2023-05-18 10:27:08,6084.0,1637,6082.6,4,6084.2,1
2023-05-18 10:27:08,6084.0,1637,6082.2,2,6084.6,4
2023-05-18 10:27:09,6084.0,1637,6082.8,1,6084.4,1
2023-05-18 10:27:09,6084.0,1637,6082.8,1,6084.4,1
2023-05-18 10:27:10,6084.0,1637,6082.8,1,6084.6,4
2023-05-18 10:27:11,6084.0,1637,6082.8,1,6084.4,1
2023-05-18 10:27:11,6084.0,1637,6082.8,1,6084.4,1
2023-05-18 10:27:12,6084.0,1637,6082.8,1,6084.6,4
2023-05-18 10:27:12,6084.0,1637,6082.8,1,6084.2,1
2023-05-18 10:27:14,6084.0,1637,6082.8,1,6084.2,1
2023-05-18 10:27:15,6084.0,1637,6082.8,1,6084.6,3
2023-05-18 10:27:16,6084.0,1637,6082.8,1,6084.0,1
2023-05-18 10:27:17,6084.0,1637,6082.8,1,6084.6,3
2023-05-18 10:27:17,6084.0,1637,6082.8,1,6084.4,1
2023-05-18 10:27:18,6084.0,1637,6082.8,1,6084.6,3
2023-05-18 10:27:19,6084.0,1637,6084.4,1,6084.6,3
2023-05-18 10:27:19,6084.4,1638,6082.4,1,6084.2,1
2023-05-18 10:27:20,6084.4,1638,6082.6,1,6084.2,1
2023-05-18 10:27:20,6084.4,1638,6082.8,1,6084.4,1
2023-05-18 10:27:21,6084.4,1638,6083.2,1,6084.6,2
2023-05-18 10:27:21,6084.4,1638,6083.0,1,6084.6,2
2023-05-18 10:27:22,6084.4,1638,6082.8,1,6084.6,2
2023-05-18 10:27:22,6084.4,1638,6083.0,1,6084.4,1
2023-05-18 10:27:23,6084.4,1638,6083.0,1,6084.4,1
2023-05-18 10:27:23,6084.4,1638,6082.2,2,6084.4,1
2023-05-18 10:27:24,6084.4,1638,6082.4,1,6084.4,1
2023-05-18 10:27:25,6084.4,1638,6082.4,1,6083.8,1
2023-05-18 10:27:25,6084.4,1638,6082.4,1,6083.8,1
2023-05-18 10:27:26,6084.4,1638,6082.2,2,6083.8,1
2023-05-18 10:27:26,6084.4,1638,6082.2,2,6083.6,1
2023-05-18 10:27:27,6084.4,1638,6082.2,2,6083.8,1
2023-05-18 10:27:30,6082.2,1639,6082.2,1,6083.8,1
2023-05-18 10:27:30,6082.4,1640,6082.2,1,6083.8,1
2023-05-18 10:27:31,6082.4,1640,6082.2,1,6083.8,1
2023-05-18 10:27:31,6082.4,1640,6082.2,1,6083.8,1
2023-05-18 10:27:33,6082.4,1640,6082.4,1,6083.8,1
2023-05-18 10:27:33,6082.4,1640,6082.4,2,6083.8,1
2023-05-18 10:27:34,6082.4,1640,6082.4,1,6083.8,1
2023-05-18 10:27:34,6082.4,1640,6082.2,1,6083.8,1
2023-05-18 10:27:35,6082.4,1640,6081.4,1,6083.8,1
2023-05-18 10:27:36,6082.4,1640,6081.6,2,6083.4,1
2023-05-18 10:27:36,6082.4,1640,6081.6,2,6083.4,1
2023-05-18 10:27:37,6082.4,1640,6081.6,1,6083.4,1
2023-05-18 10:27:37,6082.4,1641,6081.6,1,6083.4,1
2023-05-18 10:27:38,6082.4,1641,6081.6,1,6083.4,1
2023-05-18 10:27:40,6082.4,1641,6080.6,1,6083.4,1
2023-05-18 10:27:40,6082.4,1641,6080.8,2,6083.0,1
2023-05-18 10:27:41,6082.4,1641,6080.8,1,6082.8,2
2023-05-18 10:27:42,6082.4,1641,6080.6,1,6082.8,2
2023-05-18 10:27:43,6082.4,1641,6080.8,1,6082.8,1
2023-05-18 10:27:43,6082.4,1641,6081.0,1,6082.8,1
2023-05-18 10:27:44,6082.4,1641,6081.0,1,6082.8,1
2023-05-18 10:27:45,6082.4,1641,6081.2,1,6083.4,1
2023-05-18 10:27:45,6082.4,1641,6081.4,1,6083.2,1
2023-05-18 10:27:47,6082.4,1641,6081.2,1,6083.2,1
2023-05-18 10:27:47,6082.4,1641,6081.2,1,6083.0,1
2023-05-18 10:27:48,6082.4,1641,6081.2,1,6082.8,1
2023-05-18 10:27:48,6082.4,1641,6081.0,1,6082.8,1
2023-05-18 10:27:49,6082.4,1641,6081.0,1,6082.8,1
2023-05-18 10:27:49,6082.4,1641,6081.0,1,6082.8,1
2023-05-18 10:27:50,6081.0,1642,6080.6,1,6082.8,1
2023-05-18 10:27:50,6081.0,1642,6080.6,1,6082.4,2
2023-05-18 10:27:51,6081.0,1642,6080.6,1,6082.4,2
2023-05-18 10:27:51,6081.0,1642,6080.6,1,6082.4,1
2023-05-18 10:27:53,6082.4,1643,6081.2,1,6082.6,1
2023-05-18 10:27:53,6082.4,1643,6081.2,1,6082.6,1
2023-05-18 10:27:54,6082.4,1643,6081.6,2,6082.6,1
2023-05-18 10:27:54,6082.4,1643,6081.6,2,6083.4,1
2023-05-18 10:27:55,6082.4,1643,6082.0,1,6083.4,1
2023-05-18 10:27:55,6082.4,1643,6082.0,1,6083.2,2
2023-05-18 10:27:56,6082.0,1644,6080.6,1,6083.2,2
2023-05-18 10:27:56,6082.0,1644,6081.0,1,6082.8,2
2023-05-18 10:27:57,6082.0,1644,6081.0,1,6082.4,1
2023-05-18 10:27:58,6082.0,1644,6081.0,1,6082.8,1
2023-05-18 10:27:58,6082.0,1644,6081.0,1,6082.8,1
2023-05-18 10:27:59,6082.0,1644,6081.0,1,6082.8,1
2023-05-18 10:27:59,6082.0,1644,6081.0,1,6082.8,1
2023-05-18 10:28:00,6082.0,1644,6081.0,1,6082.8,1
2023-05-18 10:28:00,6082.0,1644,6081.0,1,6082.8,1
2023-05-18 10:28:01,6082.0,1644,6081.0,1,6082.8,1
2023-05-18 10:28:01,6082.0,1644,6081.0,1,6082.8,1
2023-05-18 10:28:02,6082.0,1644,6081.2,1,6082.8,1
2023-05-18 10:28:03,6082.0,1644,6082.8,2,6083.2,2
2023-05-18 10:28:04,6082.8,1646,6081.2,1,6083.2,2
2023-05-18 10:28:04,6082.8,1646,6081.4,2,6083.2,2
2023-05-18 10:28:05,6082.8,1646,6081.6,1,6083.2,2
2023-05-18 10:28:06,6082.8,1646,6081.4,2,6083.2,2
2023-05-18 10:28:07,6082.8,1646,6081.4,1,6083.0,3
2023-05-18 10:28:07,6082.8,1646,6081.4,1,6082.8,1
2023-05-18 10:28:08,6082.8,1646,6081.4,1,6083.0,3
2023-05-18 10:28:13,6082.8,1646,6081.4,1,6083.0,2
2023-05-18 10:28:16,6081.4,1647,6080.6,1,6083.0,2
2023-05-18 10:28:16,6081.4,1647,6080.8,3,6082.8,1
2023-05-18 10:28:17,6081.4,1647,6081.2,2,6083.0,2
2023-05-18 10:28:19,6081.4,1647,6081.2,1,6082.6,1
2023-05-18 10:28:20,6081.4,1647,6080.8,1,6082.2,3
2023-05-18 10:28:20,6081.4,1647,6080.8,1,6082.2,3
2023-05-18 10:28:21,6081.4,1647,6080.8,1,6082.2,2
2023-05-18 10:28:21,6081.4,1647,6080.8,1,6082.2,2
2023-05-18 10:28:23,6081.4,1647,6080.8,1,6082.2,2
2023-05-18 10:28:24,6081.4,1647,6080.8,1,6082.2,2
2023-05-18 10:28:24,6081.4,1647,6080.8,1,6082.2,2
2023-05-18 10:28:25,6081.4,1647,6080.8,1,6082.2,2
2023-05-18 10:28:25,6081.4,1647,6080.8,1,6082.2,2
2023-05-18 10:28:26,6081.4,1647,6080.8,1,6082.2,2
2023-05-18 10:28:26,6081.4,1647,6080.8,1,6082.2,2
2023-05-18 10:28:27,6081.4,1647,6080.8,1,6082.2,2
2023-05-18 10:28:27,6081.4,1647,6080.8,1,6082.2,3
2023-05-18 10:28:28,6081.4,1647,6080.8,1,6082.2,3
2023-05-18 10:28:31,6081.4,1647,6080.8,1,6082.2,3
2023-05-18 10:28:31,6080.8,1648,6080.6,1,6082.2,3
2023-05-18 10:28:32,6080.8,1648,6080.6,1,6082.2,3
2023-05-18 10:28:32,6080.8,1648,6080.6,1,6082.2,3
2023-05-18 10:28:33,6080.8,1648,6080.6,1,6082.2,3
2023-05-18 10:28:33,6080.8,1648,6080.6,1,6082.2,3
2023-05-18 10:28:34,6080.8,1648,6080.6,1,6082.2,4
2023-05-18 10:28:34,6080.8,1648,6080.6,1,6082.2,4
2023-05-18 10:28:35,6080.8,1648,6080.6,1,6082.2,4
2023-05-18 10:28:35,6080.8,1648,6080.6,1,6082.2,4
2023-05-18 10:28:36,6080.8,1648,6080.6,1,6082.2,4
2023-05-18 10:28:36,6080.8,1648,6080.6,1,6082.2,4
2023-05-18 10:28:37,6080.8,1648,6080.6,1,6082.2,4
2023-05-18 10:28:37,6080.8,1648,6081.0,1,6082.2,2
2023-05-18 10:28:38,6080.8,1648,6081.2,1,6082.2,2
2023-05-18 10:28:38,6080.8,1648,6081.2,1,6082.2,2
2023-05-18 10:28:39,6080.8,1648,6081.0,1,6082.2,2
2023-05-18 10:28:41,6080.8,1648,6080.6,1,6082.2,2
2023-05-18 10:28:42,6080.8,1648,6080.8,1,6082.2,2
2023-05-18 10:28:48,6080.8,1648,6081.2,3,6082.2,2
2023-05-18 10:28:48,6082.2,1650,6081.4,1,6082.4,2
2023-05-18 10:28:49,6082.4,1651,6081.4,1,6083.4,1
2023-05-18 10:28:50,6082.4,1651,6081.6,1,6082.8,1
2023-05-18 10:28:52,6082.4,1651,6081.2,1,6082.8,1
2023-05-18 10:28:52,6082.4,1651,6081.2,1,6082.8,1
2023-05-18 10:28:54,6082.4,1651,6081.4,1,6082.8,1
2023-05-18 10:29:00,6082.4,1651,6081.6,1,6082.8,1
2023-05-18 10:29:01,6082.4,1651,6081.4,1,6082.8,1
2023-05-18 10:29:01,6082.8,1652,6081.2,1,6083.6,1
2023-05-18 10:29:02,6081.4,1653,6081.4,1,6083.2,1
2023-05-18 10:29:02,6081.4,1653,6081.4,2,6083.4,2
2023-05-18 10:29:03,6081.4,1653,6081.6,1,6083.4,2
2023-05-18 10:29:04,6081.4,1653,6081.6,1,6083.2,2
2023-05-18 10:29:07,6081.4,1653,6082.0,1,6083.4,1
2023-05-18 10:29:12,6081.4,1653,6082.4,1,6083.6,3
2023-05-18 10:29:13,6081.4,1653,6082.8,2,6084.4,1
2023-05-18 10:29:13,6081.4,1653,6083.0,1,6084.2,2
2023-05-18 10:29:14,6081.4,1653,6081.4,1,6083.6,2
2023-05-18 10:29:14,6081.4,1653,6082.6,1,6084.4,3
2023-05-18 10:29:15,6081.4,1653,6082.4,1,6083.8,2
2023-05-18 10:29:15,6081.4,1653,6082.4,1,6083.6,1
2023-05-18 10:29:16,6081.4,1653,6081.8,1,6083.8,2
2023-05-18 10:29:16,6081.4,1653,6081.8,1,6083.6,1
2023-05-18 10:29:17,6081.4,1653,6081.6,2,6083.6,1
2023-05-18 10:29:17,6081.4,1653,6081.8,1,6083.6,1
2023-05-18 10:29:20,6081.4,1653,6082.0,1,6083.6,1
2023-05-18 10:29:22,6081.4,1653,6082.0,1,6083.2,1
2023-05-18 10:29:22,6081.4,1653,6081.8,1,6083.2,1
2023-05-18 10:29:26,6081.4,1653,6082.0,1,6083.2,1
2023-05-18 10:29:28,6083.2,1654,6082.0,1,6083.2,1
2023-05-18 10:29:28,6083.2,1654,6082.4,1,6083.2,1
2023-05-18 10:29:29,6083.2,1655,6083.2,1,6084.4,3
2023-05-18 10:29:29,6083.2,1655,6082.4,1,6084.4,3
2023-05-18 10:29:30,6083.2,1655,6082.6,1,6084.2,1
2023-05-18 10:29:30,6083.2,1655,6083.0,1,6084.4,3
2023-05-18 10:29:31,6083.2,1655,6083.4,1,6084.4,2
2023-05-18 10:29:31,6083.2,1655,6083.6,1,6087.0,1
2023-05-18 10:29:32,6083.2,1655,6083.8,1,6085.4,1
2023-05-18 10:29:32,6083.2,1655,6083.2,2,6085.2,1
2023-05-18 10:29:33,6083.2,1655,6083.4,1,6085.0,1
2023-05-18 10:29:33,6083.2,1655,6083.4,1,6085.0,1
2023-05-18 10:29:34,6083.2,1656,6083.2,1,6084.6,1
2023-05-18 10:29:34,6083.2,1656,6082.6,1,6084.2,1
2023-05-18 10:29:35,6083.2,1656,6082.2,1,6084.2,1
2023-05-18 10:29:35,6083.2,1656,6082.4,2,6084.2,1
2023-05-18 10:29:36,6083.2,1656,6082.6,1,6084.2,1
2023-05-18 10:29:36,6083.2,1656,6082.6,1,6084.2,1
2023-05-18 10:29:38,6083.2,1656,6082.4,3,6084.2,1
2023-05-18 10:29:40,6083.2,1656,6082.4,3,6084.2,1
2023-05-18 10:29:41,6083.2,1656,6082.4,3,6083.8,1
2023-05-18 10:29:42,6083.2,1656,6082.6,1,6083.8,1
2023-05-18 10:29:42,6083.8,1657,6082.6,2,6084.4,1
2023-05-18 10:29:44,6083.8,1657,6082.8,1,6084.4,1
2023-05-18 10:29:45,6083.8,1657,6083.2,1,6084.4,1
2023-05-18 10:29:45,6084.4,1658,6083.2,1,6085.2,1
2023-05-18 10:29:46,6084.4,1658,6083.6,3,6085.2,1
2023-05-18 10:29:46,6084.4,1658,6083.4,3,6085.2,1
2023-05-18 10:29:47,6083.4,1659,6083.4,2,6085.2,1
2023-05-18 10:29:48,6083.4,1659,6083.4,2,6085.2,1
2023-05-18 10:29:48,6083.4,1659,6084.0,3,6085.2,1
2023-05-18 10:29:49,6083.4,1659,6083.8,1,6086.2,2
2023-05-18 10:29:49,6083.4,1659,6083.8,1,6085.4,1
2023-05-18 10:29:50,6083.4,1659,6083.8,1,6085.6,1
2023-05-18 10:29:50,6083.4,1659,6083.8,1,6085.6,1
2023-05-18 10:29:52,6083.4,1659,6083.8,1,6085.2,1
2023-05-18 10:29:53,6083.4,1659,6084.0,1,6085.2,1
2023-05-18 10:29:54,6083.4,1659,6083.8,1,6085.2,1
2023-05-18 10:29:55,6083.4,1659,6083.6,1,6085.2,1
2023-05-18 10:29:55,6083.4,1659,6083.6,1,6085.2,1
2023-05-18 10:29:56,6083.4,1659,6084.0,1,6085.2,1
2023-05-18 10:29:57,6085.2,1660,6084.0,1,6085.6,1
2023-05-18 10:30:01,6085.2,1660,6084.4,2,6085.6,1
2023-05-18 10:30:01,6085.2,1660,6084.0,1,6085.6,1
2023-05-18 10:30:03,6085.6,1661,6084.2,1,6085.8,2
2023-05-18 10:30:03,6085.6,1661,6084.6,1,6085.8,2
2023-05-18 10:30:04,6085.6,1661,6084.6,1,6085.8,2
2023-05-18 10:30:05,6085.6,1661,6084.2,1,6086.0,1
2023-05-18 10:30:05,6084.0,1664,6083.6,1,6085.8,2
2023-05-18 10:30:06,6084.0,1664,6084.0,2,6085.2,1
2023-05-18 10:30:06,6083.8,1667,6083.2,1,6084.4,1
2023-05-18 10:30:07,6083.2,1668,6082.2,1,6083.8,1
2023-05-18 10:30:07,6083.2,1668,6081.8,1,6083.4,1
2023-05-18 10:30:08,6083.2,1668,6081.8,1,6083.0,1
2023-05-18 10:30:08,6083.2,1668,6081.8,1,6083.2,1
2023-05-18 10:30:09,6083.2,1668,6081.8,1,6084.2,1
2023-05-18 10:30:09,6083.2,1668,6082.0,2,6083.4,2
2023-05-18 10:30:10,6083.2,1668,6082.0,2,6083.4,2
2023-05-18 10:30:10,6083.2,1668,6082.0,1,6083.4,2
2023-05-18 10:30:11,6083.2,1668,6082.0,1,6083.4,2
